2520 4161
393 370 478 430 86
895 393 1165 465 ramum
1213 398 1629 446 nummum

391 552 734 641 Unguento
763 555 1094 638 delibutus,
1125 565 1351 628 vestitu
1380 567 1655 646 affluens,

385 667 694 734 Veniebat
719 693 935 758 gressu
963 674 1226 753 delicato
1255 694 1321 743 et
1346 681 1679 769 languido:

384 780 578 847 Hunc
606 784 718 848 ubi
746 799 1047 879 tyrannus
1076 792 1236 857 vidit
1263 810 1543 862 extremo
1570 802 1839 886 agmine,

384 903 426 934 ‘⁶
456 896 896 965 Effoeminatus
927 904 1082 989 quid
1108 906 1209 971 hic
1240 909 1309 972 in
1339 926 1673 997 conspectu
1702 937 1841 980 meo

377 1011 594 1076 Audet
623 1015 883 1081 venire?
901 1019 935 1047 ”
988 1018 1475 1107 Responderunt
1499 1030 1793 1113 proximi,
2086 1042 2125 1099 5

342 1132 422 1193 ,“
453 1126 579 1191 Hic
611 1143 705 1193 est
734 1130 1090 1205 Menander
1106 1138 1402 1223 scriptor.
1420 1141 1456 1170 '⁹
1547 1141 2092 1225 Mutatusstatim,⁹

373 1240 728 1328 compellat
754 1246 1071 1312 hominem
1099 1251 1352 1330 blande,
1386 1255 1797 1346 dextramque
1826 1264 2063 1347 arripit.

985 1449 1364 1517 FABULA
1411 1455 1502 1522 ΙΙ.
1543 1524 1547 1529 ,

908 1605 1153 1660 CALvu's
1197 1617 1283 1660 ET
1326 1619 1567 1665 MuscA.

376 1741 586 1806 CALvl
617 1746 955 1812 momordit
981 1771 1191 1814 musca
1218 1753 1526 1818 nudatum
1556 1773 1761 1843 caput,

365 1855 576 1930 Quam
594 1857 946 1942 opprimere
956 1874 1227 1947 captanS,
1248 1863 1492 1950 alapam
1511 1868 1628 1932 sibi
1639 1869 1821 1935 duxit
1837 1854 2107 1959 gravem.

365 1969 551 2034 Tune
572 1969 681 2034 illa
707 1970 991 2050 irridenS,
1016 1981 1057 2014 ‘⁶
1077 1975 1394 2042 Punctum
1423 1981 1687 2047 volucris
1718 1987 1995 2070 parvulae
2030 1994 2107 2051 10

362 2085 633 2151 Voluisti
661 2105 862 2154 morte
890 2090 1136 2156 ulcisci:
1184 2096 1339 2180 quid
1368 2096 1552 2162 facies
1576 2101 1707 2175 tibi,

362 2199 622 2285 Injuriae
652 2204 761 2287 qui
790 2204 1101 2269 addideris
1133 2203 1571 2274 contumeliam
1589 2213 1620 2277 Ρ
1640 2215 1676 2243 ”

364 2312 732 2398 Respondit,
770 2313 1089 2392 “‚Mecum
1118 2315 1299 2382 facile
1329 2320 1517 2385 redeo
1547 2323 1613 2386 in
1641 2323 1925 2410 gratiam,

359 2427 529 2502 Quia
557 2442 685 2491 non
714 2427 902 2492 fuisse
930 2444 1203 2495 mentem
1230 2431 1505 2498 laedendi
1533 2439 1693 2502 scio:

361 2538 490 2602 Sed
518 2554 600 2615 te,
632 2542 969 2625 contempti
997 2543 1240 2627 generis
1270 2539 1501 2609 animal
1532 2548 1905 2634 improbum,
2024 2562 2099 2619 15

356 2654 524 2728 Quae
553 2652 875 2718 delectaris
902 2654 1119 2744 bibere
1145 2656 1493 2722 humanum
1522 2664 1906 2750 sanguinem,

355 2771 586 2854 Optem
620 2792 842 2860 necare
869 2770 966 2834 vel
997 2773 1231 2856 majore
1258 2774 1671 2841 incommodo.
1693 2780 1728 2809 ’⁹

444 2884 585 2948 Hoc
613 2899 1052 2970 argumentum
1081 2888 1327 2951 veniam
1356 2887 1554 2977 magis
1585 2892 1721 2956 dari
1751 2895 1949 2970 docet,

420 3045 452 3092 9
488 3039 588 3092 sthi
607 3041 759 3103 dte-rit,
779 3057 909 3109 gave
929 3039 1152 3094 himself.
1329 3046 1392 3095 18
1424 3044 1559 3096 Dari
1572 3067 1589 3096 .·
1612 3048 1658 3098 ei
1680 3045 1723 3099 is
1758 3048 1881 3102 here
1911 3052 2096 3103 under-

426 3114 488 3163 10
531 3110 740 3161 Volua-nze
778 3112 1022 3177 pmuIoe,
1058 3110 1120 3162 of
1153 3107 1216 3164 α’
1255 3113 1431 3166 stood.

348 3179 495 3234 small
515 3178 603 3250 fly.
1318 3181 1495 3253 Magis
1514 3183 1638 3238 does
1662 3196 1756 3239 not
1778 3202 1917 3241 scau.
1981 3189 2093 3243 The

424 3255 484 3304 17
530 3250 616 3301 Vel
658 3252 841 3317 majore
874 3251 1183 3312 incommodo,
1255 3252 1423 3305 critics
1462 3269 1685 3321 propose
1725 3253 1930 3308 various
1981 3278 2095 3312 cor-

348 3338 478 3373 even
524 3329 580 3373 at
636 3319 728 3372 the
774 3336 999 3387 expense
1045 3318 1108 3372 of
1155 3338 1187 3373 a
1255 3322 1497 3373 rectione.

347 3399 546 3459 greater
637 3388 1035 3443 inconvenience
1126 3399 1186 3442 to

347 3459 545 3528 myself.
