2520 4161
1007 653 1473 737 INDEX

782 841 1661 922 FABULARUM.

932 1240 1162 1295 LIBER
1197 1241 1507 1295 PRIMUS.

358 1396 481 1453 Fan.
1056 1392 1181 1514 Ρ831
1264 1391 1310 1444 F
1310 1394 1390 1445 ab
1966 1390 2085 1462 Ρ83.

461 1464 713 1533 Prologus
867 1494 890 1506 -
1059 1493 1082 1505 -
1270 1465 1333 1514 14
1369 1460 1561 1513 Asinus
1664 1472 1717 1516 et
1814 1462 1984 1516 Senex

401 1538 419 1586 l
465 1535 641 1603 Lupus
665 1543 719 1588 et
744 1535 922 1602 Agnus
1058 1562 1083 1574 -
1150 1536 1182 1583 2
1357 1566 1362 1571 -
1436 1530 1625 1584 Pastor
1713 1562 1737 1575 -
1962 1563 1985 1575 -
2026 1537 2085 1585 16

391 1609 423 1655 2
459 1604 623 1656 Ranae
671 1604 863 1671 Regem
905 1612 1083 1671 peten-
1270 1605 1329 1653 15
1368 1599 1509 1659 Ovis,
1559 1600 1728 1663 Canis,
1776 1611 1830 1654 et
1882 1601 1987 1654 Lu-

526 1682 605 1725 tes
1149 1675 1183 1723 3
1432 1687 1528 1739 pus
1670 1701 1693 1713 -
1962 1701 1987 1715 -
2026 1675 2087 1723 17

394 1747 428 1795 3
465 1741 716 1794 Graculus
741 1742 989 1821 superbus
1056 1770 1081 1782 -
1150 1746 1180 1792 6
1270 1743 1329 1792 16
1367 1739 1519 1793 Canis
1544 1739 1829 1809 parturiens
1962 1771 1985 1783 -
2025 1744 2085 1793 17

386 1815 425 1863 4
461 1811 616 1864 Canis
685 1828 775 1880 per
844 1809 1078 1863 Fluvium
1270 1814 1329 1862 17
1367 1809 1533 1861 Canes
1557 1809 1769 1862 famelici
1962 1841 1985 1853 -
2026 1814 2086 1863 18

530 1880 745 1933 Carnem
765 1879 932 1933 ferens
1056 1909 1081 1921 -
1149 1883 1180 1932 7
1269 1884 1330 1932 18
1368 1878 1476 1930 Leo
1539 1879 1709 1932 Senex
1755 1888 1808 1932 et
1868 1879 1984 1931 Asi.

392 1955 425 2002 5
461 1949 651 2011 Vacca,
689 1948 910 2017 Capella,
937 1947 1078 2010 Ovis,
1135 1968 1142 1974 ·
1433 1965 1530 1999 nus
1962 1979 1984 1991 -
2026 1954 2086 2001 19

525 2028 579 2072 et
605 2019 712 2071 Leo
848 2048 869 2059 -
1147 2021 1180 2067 8
1268 2021 1330 2069 19
1367 2016 1592 2069 Mustela
1614 2026 1667 2068 et
1693 2019 1870 2072 Homo
1960 2048 1983 2060 -
2025 2022 2085 2070 19

393 2094 423 2140 6
461 2087 658 2156 Vulpes
728 2097 780 2139 et
851 2086 1079 2140 Persona
1264 2091 1330 2139 ’20
1368 2086 1522 2138 Canis
1546 2086 1708 2141 fidelis
1960 2093 2087 2141 -20

531 2156 741 2225 Tragica
1056 2185 1081 2197 -
1149 2161 1181 2207 9
1263 2161 1324 2208 21
1365 2155 1514 2207 Rana
1536 2165 1687 2225 rupta
1709 2169 1762 2212 et
1785 2159 1893 2211 Bos
1962 2188 1985 2200 -
2019 2163 2081 2211 21

393 2231 424 2277 7
463 2227 639 2296 Lupus
663 2236 716 2278 et
744 2226 879 2278 Grus
1057 2255 1080 2267 -
1149 2229 1180 2275 9
1262 2230 1329 2278 22
1365 2225 1520 2277 Canis
1599 2237 1652 2279 et
1743 2227 1985 2282 Crocodi-

394 2303 426 2349 8
464 2294 647 2348 Passer
671 2305 724 2348 et
749 2295 919 2365 Lepus
1056 2325 1079 2337 -
1120 2300 1181 2348 10
1431 2295 1511 2347 lus
1960 2301 2080 2350 -21
2186 2310 2209 2325 ·

392 2371 424 2417 9
461 2366 539 2418 Lu
575 2383 637 2417 us
724 2375 777 2417 et
865 2365 1079 2435 VulpeS,
1263 2370 1330 2418 23
1365 2364 1562 2428 Vulpes
1586 2375 1639 2418 et
1666 2366 1877 2421 Ciconia
1962 2396 1987 2410 -
2017 2372 2085 2420 22

560 2433 709 2487 udice
738 2435 895 2487 Simio
1057 2465 1082 2477 -
1121 2438 1177 2488 11
1263 2438 1331 2488 24
1367 2434 1538 2497 Cama,
1575 2435 1882 2500 Thesaurus,
1929 2445 1983 2491 et

366 2509 427 2556 lo
464 2504 651 2556 Asinus
675 2514 730 2557 et
763 2503 872 2557 Leo
894 2522 1080 2559 venan-
1434 2503 1706 2558 Vulturius
1773 2535 1797 2548 ·
1960 2511 2086 2559 -23

527 2583 606 2625 tes
769 2604 792 2616 -
1056 2605 1081 2617 -
1120 2579 1176 2627 ll
1262 2579 1329 2627 25
1366 2573 1565 2643 Vulpes
1588 2584 1641 2626 et
1667 2575 1855 2644 Aquila
1961 2579 2087 2628 -24

367 2646 421 2693 ll
464 2642 657 2695 Cervus
680 2642 746 2695 ad
772 2642 988 2695 Fontem
1056 2674 1081 2686 -
1120 2648 1181 2697 13
1263 2648 1328 2695 26
1364 2642 1530 2697 Ranae
1544 2652 1828 2698 metuentes
1849 2643 1985 2696 Tau·

365 2716 426 2764 12
463 2711 663 2779 Vulpes
687 2721 739 2764 et
765 2712 964 2764 Corvus
1054 2741 1079 2755 -
1123 2716 1180 2765 14
1429 2729 1602 2765 rorum
1627 2712 1814 2766 Proelia
1960 2719 2084 2767 -25

365 2785 426 2838 13
463 2781 547 2832 Ex
573 2782 760 2834 Sutore
784 2781 1019 2833 Medicus
1052 2810 1077 2823 -
1116 2785 1178 2834 14
1221 2822 1229 2841 .
1262 2785 1327 2834 27
1364 2781 1571 2835 Milvius
1594 2791 1648 2834 et
1673 2783 1984 2836 Columbae-
2018 2788 2085 2835 25

887 2916 1118 2970 LIBER
1159 2915 1581 2970 SECUNDUS.

461 3030 714 3098 Prologus
848 3059 871 3072 -
1057 3058 1082 3070 ·
1117 3032 1183 3080 27
1296 3031 1331 3080 4
1365 3026 1540 3080 Caesar
1563 3026 1625 3079 ad
1653 3028 1946 3082 Atriensem
1961 3059 1985 3071 -
2017 3034 2081 3083 31

398 3102 421 3152 l
460 3099 736 3161 JuvencuS,
824 3098 949 3163 Leo,
1019 3098 1081 3151 'et
1296 3102 1329 3149 5
1366 3099 1415 3149 A
1454 3097 1568 3159 uila,
1640 3096 1850 3161 Cornix,
1930 3109 1985 3150 et

529 3169 799 3222 Praedator
865 3200 888 3212 -
1057 3197 1081 3210 -
1116 3171 1184 3219 28
1481 3167 1667 3218 estudo
1802 3197 1827 3209 -
1961 3197 1983 3209 -
2018 3172 2087 3221 34-

393 3242 426 3288 2
462 3237 638 3290 Homo
662 3249 715 3291 et
742 3238 897 3291 Canis
1058 3266 1081 3278 -
1116 3241 1182 3288 29
1296 3240 1327 3286 6
1365 3235 1498 3287 Muli
1512 3246 1564 3288 et
1590 3236 1840 3288 Latrones
1960 3266 1984 3279 ·
2018 3242 2085 3289 35

394 3310 428 3357 3
462 3308 664 3376 Aquila,
769 3306 921 3370 Felis,
1023 3318 1079 3360 et
1296 3308 1327 3356 7
1366 3305 1562 3357 Cervus
1587 3315 1640 3357 et
1664 3305 1837 3357 Boves
1963 3335 1986 3347 -
2019 3311 2084 3357 36

528 3380 670 3447 Aper
767 3408 790 3420 -
1057 3406 1080 3418 -
1115 3379 1181 3427 29
1223 3367 1231 3435 Ι
1363 3374 1611 3446 Epilogus
1748 3404 1771 3416 ·
1963 3403 1986 3415 -
2020 3379 2085 3426 37
