2520 4161
958 427 1165 477 mmm
1204 433 1512 482 mamus.
2025 428 2119 491 ,53

361 601 670 670 Seductus
702 606 768 669 in
798 624 1104 674 secretum
1132 635 1172 676 a
1199 613 1427 679 liberto
1457 631 1552 680 est
1577 638 1712 695 suo,

358 717 661 801 Sperante
688 719 1006 786 haeredem
1035 724 1230 790 suffici
1260 729 1746 813 se„proximum3

353 829 502 907 Qui,
534 829 676 896 cum
705 834 784 898 de
810 858 1005 921 puero
1033 838 1233 902 multa
1258 843 1557 906 mentitus
1584 843 1766 923 foret,

349 941 437 1007 Et
463 944 644 1030 plura
672 947 753 1011 de
778 948 1032 1036 flagitiis
1062 965 1247 1014 castae
1278 952 1576 1031 mulieris,

346 1059 600 1144 Adjecit
625 1062 710 1139 id,
743 1063 913 1149 quod
941 1065 1246 1130 sentiebat
1273 1068 1547 1132 maxime
2063 1080 2103 1138 5
2153 1096 2160 1103 ⁴

344 1172 709 1238 Doliturum
736 1179 991 1255 amanti,
1024 1180 1331 1244 ventitare
1355 1181 1731 1263 adulterum,

349 1286 706 1374 Stuproque
734 1292 903 1376 turpi
930 1292 1128 1377 pollui
1158 1294 1389 1358 famam
1419 1295 1660 1362 domus.

343 1399 639 1465 Incensus
668 1402 773 1466 ille
801 1403 954 1469 falso
985 1409 1197 1472 uxoris
1225 1411 1506 1487 crimine,

346 1514 672 1581 Simulavit
701 1519 820 1581 iter
847 1519 930 1582 ad
959 1520 1185 1597 villam,
1219 1522 1507 1610 clamque
1535 1525 1603 1587 in
1625 1526 1857 1612 oppido

344 1615 683 1708 Subsedit}
717 1631 944 1696 deinde
971 1648 1162 1698 noctu
1184 1634 1392 1700 subito
1414 1637 1678 1723 januam
2018 1647 2096 1706 10

339 1743 624 1823 Intravit,
657 1744 827 1811 recta
854 1748 1211 1814 cubiculum
1234 1753 1447 1844 uxoris
1469 1768 1734 1839 petenS,⁶

337 1857 414 1920 In
439 1881 563 1945 quo
594 1860 867 1926 dormire
892 1879 1088 1926 mater
1118 1879 1339 1931 natum
1359 1867 1649 1950 jusserat,

336 1972 619 2036 AEtatem
647 1975 925 2039 adultam
954 1998 1200 2041 servans
1230 1977 1608 2065 diligentius

240 2157 245 2163 ‚
335 2085 509 2150 Dum
540 2103 834 2175 quaerunt
859 2089 1091 2168 lumen,
1124 2092 1276 2155 dum
1306 2109 1674 2158 concursant
1701 2095 1951 2177 familia,

334 2200 459 2265 Irae
484 2201 749 2266 furentis
776 2203 1076 2289 impetum
1107 2225 1235 2267 non
1264 2204 1591 2282 sustinens,
2006 2219 2080 2277 15

330 2315 437 2379 Ad
464 2290 693 2380 lectum
722 2317 960 2382 accedit
975 2342 993 2396 3
1040 2331 1238 2381 tentat
1265 2319 1333 2381 in
1363 2320 1633 2383 tenebris
1664 2339 1867 2407 caput.

332 2429 425 2493 Ut
453 2432 641 2494 sentit
670 2447 937 2509 tonsum,
963 2432 1172 2519 gladio
1201 2448 1419 2518 pectus
1443 2436 1750 2521 transigit,

328 2538 505 2608 Nihil
531 2543 879 2627 respiciens,
912 2542 1065 2605 dum
1093 2541 1367 2605 dolorem
1402 2544 1692 2610 vindicet.

325 2650 615 2715 Lucerna
644 2651 849 2727 allata,
882 2652 1062 2713 simul
1093 2652 1334 2735 aspexit
1361 2653 1580 2730 filium,

328 2762 744 2848 Sanctamque
770 2784 1031 2825 uxorem
1059 2762 1471 2825 dormientem
1500 2765 1808 2843 cubiculo,
1985 2775 2070 2834 20

326 2876 543 2962 Sopita
567 2877 769 2962 primo
801 2899 944 2962 quae
971 2874 1062 2940 nil
1091 2897 1306 2939 somno
1334 2894 1625 2954 senserat,

324 2987 818 3075 Repraesentavit
845 2989 912 3051 in
938 3011 1004 3052 se
1029 3009 1283 3073 poenam
1309 2986 1616 3067 facinoris,

322 3098 409 3163 Et
435 3100 599 3164 ferro
628 3100 928 3176 incubuit,
961 3098 1128 3184 quod
1155 3097 1487 3161 credulitas
1516 3102 1868 3169 strinxerat.

387 3199 421 3247 2
456 3195 639 3264 Suffim',
673 3206 731 3249 to
768 3197 833 3249 be
874 3195 1057 3248 named
1092 3194 1146 3246 in
1292 3195 1354 3245 10
1387 3195 1639 3251 Januam:
1685 3201 1851 3253 donatis
1877 3220 1982 3254 suoe
2010 3201 2064 3254 is

315 3264 400 3316 his
423 3264 585 3333 place.
1226 3272 1565 3330 understood.

380 3337 417 3387 4·
450 3334 538 3385 De
573 3335 801 3403 flagitiis,
847 3334 1158 3402 concerning
1297 3347 1363 3395 22
1399 3344 1789 3414 Reproesentavit
1858 3367 2059 3417 ραν-παπ

315 3402 407 3457 the
429 3403 839 3458 unffiithfulness.
1201 3413 1464 3481 facinoris,
1520 3413 1590 3468 he
1658 3417 1910 3486 revenged
1967 3418 2057 3472 the

386 3478 418 3527 '7
455 3474 637 3542 Stupro
696 3476 845 3545 turpi,
899 3475 971 3544 by
1024 3475 1149 3528 base
1221 3480 1412 3550 bloody
1436 3482 1584 3538 deed.

312 3542 653 3615 debauchery.
