2520 4161
399 419 459 489 iv
1142 445 1374 490 mnax.

950 661 1180 715 LIBER
1217 663 1547 718 TERTIUS

405 773 528 826 Fab.
988 837 992 841 .
1104 772 1229 841 Pag.
1307 772 1433 825 Fal).
2004 774 2126 843 Pag-

507 841 760 909 Prologus
895 869 916 882 ·
1106 871 1131 884 -
1163 845 1232 894 40
1315 847 1375 895 10
1412 838 1593 895 Pullus
1616 852 1669 896 et
1695 842 1967 912 Margarita
2010 874 2034 886 -
2065 848 2134 896 55

446 916 467 963 1
510 913 658 963 Anus
683 919 736 962 et
762 909 1025 978 Amphora
1108 941 1132 954 -
1164 913 1234 963 44
1317 916 1373 964 ll
1415 914 1555 980 Apes
1591 922 1643 963 et
1678 910 1823 974 Fuci,
1857 911 2036 982 Vespa

441 985 473 1032 2
510 979 773 1032 Panthera
796 989 848 1030 et
887 980 1130 1032 Pastores
1165 983 1233 1032 45
1480 980 1665 1033 Judice
1799 1011 1822 1023 -
2013 1011 2036 1023 -
2070 987 2137 1034 55

441 1054 474 1101 3
517 1048 658 1102 Simii
685 1049 853 1118 Caput
921 1079 944 1090 -
1110 1078 1134 1091 ·
1166 1053 1233 1102 46
1318 1054 1379 1102 12
1418 1050 1647 1117 AEsopus
1672 1049 1854 1102 ludens
2013 1081 2035 1093 -
2070 1056 2137 1103 56

441 1122 476 1170 4
513 1118 741 1186 AEsopus
789 1127 842 1169 et
885 1117 1131 1171 Petulans
1166 1121 1235 1172 46
1318 1123 1381 1172 13
1418 1118 1609 1171 Cicada
1631 1128 1684 1171 et
1711 1120 1917 1172 Noctua
2015 1149 2038 1161 -
2071 1123 2137 1171 57

444 1193 476 1240 5
514 1187 697 1238 Musca
720 1196 772 1238 et
799 1186 943 1238 Mula
1111 1217 1134 1229 -
1167 1191 1235 1240 47
1320 1191 1382 1240 14
1419 1189 1645 1240 Arbores
1704 1188 1758 1240 in
1809 1188 2037 1241 Deorum

445 1261 477 1308 6
518 1256 671 1308 Canis
696 1266 749 1307 et
775 1255 952 1324 Lupus
1111 1287 1135 1299 -
1168 1260 1237 1309 48
1486 1257 1671 1309 Tutela
1807 1287 1831 1298 -
2016 1289 2040 1302 -
2073 1262 2140 1309 58

448 1329 478 1375 ’7
516 1324 696 1377 Frater
720 1335 772 1377 et
803 1326 976 1377 Soror*
1113 1356 1136 1368 -
1168 1328 1238 1377 49
1322 1331 1383 1379 15
1417 1325 1556 1378 Juno
1582 1335 1634 1378 et
1659 1325 1805 1379 Pavo
1862 1357 1885 1369 -
2018 1358 2041 1369 -
2074 1331 2141 1379 59

446 1399 480 1446 8
521 1393 746 1447 Socratis
771 1394 979 1446 Dictum
1115 1424 1137 1436 -
1171 1399 1238 1448 50
1324 1399 1384 1448 16
1421 1395 1650 1464 AEsopus
1697 1404 1752 1447 et
1790 1395 2038 1449 Garrulus
2075 1399 2142 1448 60

449 1469 480 1514 9
518 1463 601 1515 De
655 1464 860 1516 credere
917 1474 970 1516 et
1033 1481 1138 1516 non

584 1533 790 1585 credere
925 1564 947 1575 -
1115 1564 1140 1577 -
1173 1538 1236 1586 51

968 1679 1198 1733 LIBER
1234 1682 1615 1742 QUARTUS.

522 1791 774 1858 Prologus
910 1821 933 1833 -
1117 1821 1140 1833 -
1176 1796 1242 1844 62
1326 1795 1387 1844 10
1425 1791 1679 1845 Hercules
1703 1802 1756 1845 et
1781 1790 1966 1845 Plutus
2022 1824 2044 1834 -
2079 1796 2138 1844 71

460 1866 482 1914 l
524 1860 749 1913 Mustela
771 1869 826 1912 et
852 1860 1028 1913 Mures
1119 1891 1144 1903 -
1177 1866 1243 1914 63
1326 1864 1382 1913 ll
1426 1861 1647 1930 Capellae
1672 1871 1723 1912 et
1750 1861 1898 1914 Hirci
2022 1892 2044 1904 ·
2079 1866 2140 1913 71

453 1937 486 1984 2
525 1929 724 1999 Vulpes
749 1939 803 1982 et
829 1928 946 1981 Uva
1121 1960 1143 1972 -
1178 1935 1246 1983 63
1328 1935 1388 1982 12
1426 1931 1755 1984 Gubernator
1778 1941 1830 1983 et
1858 1930 2043 1983 Nautae
2079 1933 2144 1983 72

455 2005 488 2053 3
525 2000 708 2067 Equus
731 2008 785 2052 et
810 1998 986 2051 Homo
1121 2030 1146 2043 -
1180 2004 1248 2053 64
1329 2005 1390 2053 13
1425 1999 1602 2054 Homo
1628 2011 1680 2053 et
1708 2000 1933 2052 Colubra
2023 2030 2046 2041 -
2081 2004 2146 2052 73

455 2073 490 2123 4
524 2069 706 2137 Pugna
783 2067 1009 2121 Murium
1091 2078 1145 2124 et
1329 2073 1392 2123 14
1426 2069 1626 2140 Vulpes
1651 2082 1703 2125 et
1728 2070 1901 2124 Draco
2024 2101 2047 2113 -
2081 2074 2146 2122 73

595 2137 931 2190 Mustelarum
1124 2169 1148 2182 -
1180 2143 1249 2192 64
1329 2144 1389 2192 15
1425 2140 1680 2193 Phaedrus
1727 2141 1793 2193 de
1839 2140 2046 2192 Fabulis
2081 2143 2145 2189 75

459 2216 490 2261 5
529 2207 785 2260 Phaedrus
830 2206 883 2257 in
931 2205 1148 2259 Fabula-
1330 2212 1389 2260 16
1426 2208 1543 2260 Nau
1652 2210 1752 2261 ’um
1776 2208 2047 2260 Simonidis
2082 2211 2148 2259 75

593 2293 703 2328 rum
732 2276 982 2327 Censores
1125 2306 1148 2318 -
1182 2281 1248 2328 65
1330 2279 1389 2328 17
1428 2277 1582 2329 Mons
1656 2277 1908 2329 arturiens
2022 2306 2045 2318 -
2081 2280 2145 2327 77

458 2353 489 2398 6
527 2345 721 2413 Vipera
743 2353 798 2396 et
822 2343 968 2395 Lima
1003 2395 1013 2403 ,
1125 2374 1150 2387 ·
1182 2349 1249 2397 68
1330 2349 1391 2397 18
1427 2344 1662 2398 Formica
1686 2355 1738 2398 et
1764 2346 1946 2398 Musca
2026 2375 2049 2387 -
2083 2348 2146 2396 77

459 2420 490 2466 7
529 2414 727 2483 Vulpes
754 2423 807 2466 et
832 2413 1022 2466 Hircus
1126 2443 1149 2455 -
1183 2419 1249 2466 69
1328 2419 1391 2466 19
1431 2414 1719 2468 Simonides
1744 2432 1775 2467 a
1798 2414 1913 2467 Diis
1944 2432 2048 2467 ser-

458 2490 491 2537 8
528 2484 612 2536 De
662 2470 816 2535 vitiis
865 2482 1148 2534 Hominum
1183 2489 1250 2536 69
1493 2495 1644 2536 vatus
1799 2514 1821 2526 -
2024 2516 2046 2527 -
2082 2489 2146 2536 78

460 2560 492 2607 9
528 2553 635 2606 Fur
671 2555 827 2604 Aram
874 2550 1148 2621 compilans
1185 2556 1251 2606 70
1428 2553 1675 2622 Epilogus
1812 2583 1835 2594 ·
2023 2584 2047 2595 -
2079 2558 2146 2605 80

1008 2700 1236 2754 LIBER
1276 2702 1632 2762 QUINTUS.

530 2812 783 2882 Prologus
943 2844 965 2856 -
1123 2841 1147 2853 -
1180 2815 1248 2863 83
1358 2817 1391 2864 5
1427 2812 1551 2866 1)υο
1578 2812 1720 2866 Calvi
1856 2844 1878 2855 -
2028 2843 2049 2853 -
2086 2817 2151 2864 90

468 2889 489 2936 1
530 2883 822 2935 Demetrius
847 2893 901 2935 et
937 2882 1149 2934 Menan·
1361 2888 1392 2930 6
1433 2881 1677 2950 Princeps
1705 2882 1911 2934 Tibicen
2027 2908 2049 2918 -
2086 2886 2151 2932 90

599 2952 689 3004 der
891 2982 914 2994 -
1127 2981 1149 2993 -
1183 2954 1250 3003 85
1364 2954 1393 3001 7
1433 2951 1651 3002 Occasio
1677 2951 1740 3003 de
1778 2951 1879 3003 icta
2030 2980 2050 2990 -
2086 2956 2151 3002 93

462 3028 494 3073 2
535 3021 722 3074 Calvus
749 3031 801 3074 et
828 3021 1011 3072 Musca
1128 3050 1152 3063 -
1186 3024 1251 3071 86
1364 3025 1396 3071 8
1434 3020 1632 3072 Taurus
1658 3032 1711 3072 et
1792 3020 1947 3071 itulus
2029 3049 2048 3061 -
2087 3024 2153 3070 93

464 3097 496 3143 3
532 3090 708 3142 Homo
733 3100 786 3143 et
815 3089 1004 3142 Asinus
1130 3118 1154 3130 -
1186 3091 1252 3138 87
1365 3093 1398 3139 9
1435 3088 1670 3142 Venator
1692 3099 1744 3142 et
1771 3089 1923 3142 Canis
2031 3118 2053 3130 ·
2087 3094 2154 3140 93

461 3164 497 3213 4
536 3160 719 3212 Scurra
743 3169 795 3213 et
820 3158 1065 3211 Rusticus
1133 3188 1157 3200 -
1189 3162 1255 3211 87

1091 3388 1102 3398 .-
1121 3380 1501 3397 ,sp——
