2520 4161
440 448 525 513 48
954 456 1222 511 russum
1274 466 1681 511 FABULARUM

529 643 671 712 Hac
701 645 970 710 derideri
1000 644 1206 709 fabula
1237 644 1461 708 merito
1489 657 1712 730 potest,

441 762 572 837 Qui
600 759 732 825 sine
761 761 989 824 virtute
1017 781 1203 824 vanas
1232 774 1479 822 exercet
1505 760 1720 822 minas.

1036 944 1430 1009 FABULA·
1460 943 1573 1008 VI.

994 1093 1183 1138 CANIS
1228 1093 1312 1135 ET
1356 1092 1586 1136 LUPUS.

443 1197 655 1273 QUAM
683 1198 880 1263 dulcis
909 1200 989 1263 sit
1014 1199 1287 1275 libertam,
1318 1200 1590 1263 breviter
1619 1199 1971 1287 proloquar.

525 1314 684 1378 Cani
712 1328 1016 1401 perpasto,
1051 1315 1243 1378 macie
1273 1313 1603 1390 confectuS‚
1636 1314 1818 1400 lupus

437 1427 629 1493 Forte
658 1430 928 1493 occurrit
941 1455 960 1507 ;
1006 1430 1339 1493 salutantes
1368 1429 1516 1493 dein
1544 1430 1807 1493 invicem
2132 1436 2172 1495 5

436 1541 535 1607 Ut
560 1544 937 1621 restiterunt,
971 1552 1011 1583 “
1038 1544 1228 1609 Unde
1257 1545 1362 1620 sic,
1396 1567 1625 1631 quaeso,
1658 1543 1861 1609 nites?

435 1657 572 1720 Aut
600 1679 724 1741 quo
753 1659 894 1722 cibo
921 1657 1116 1722 fecisti
1148 1673 1392 1722 tantum
1421 1657 1738 1744 corporis?

435 1769 596 1856 Ego,
629 1772 737 1856 qui
765 1793 903 1834 sum
930 1768 1117 1858 longe
1144 1771 1382 1853 fortior,
1414 1794 1600 1857 pereo
1629 1771 1846 1835 fame.’'

439 1884 628 1948 Canis
657 1884 1033 1971 simpliciter,
1068 1892 1109 1925 “
1136 1885 1374 1950 Eadem
1403 1899 1497 1949 est
1523 1887 1794 1950 conditio
1823 1885 1955 1961 tibi,

437 1996 746 2063 Praestare
775 1999 1026 2064 domino
1057 1999 1108 2063 si
1136 2022 1250 2087 par
1280 2000 1548 2064 officium
1577 2002 1809 2087 potes.''
2092 2004 2167 2061 10

436 2118 478 2149 ‘⁶
513 2111 702 2185 Quod
717 2112 792 2175 ?'’
838 2114 1045 2200 inquit
1071 2114 1193 2177 ille.
1288 2122 1328 2153 ‘⁶
1351 2115 1573 2179 Custos
1604 2128 1675 2178 ut
1703 2115 1782 2177 sis
1812 2112 2058 2188 liminis,

436 2225 500 2287 A
529 2223 770 2288 furibus
800 2226 1026 2288 tuearis
1055 2239 1120 2289 et
1148 2240 1337 2290 noctu
1365 2226 1676 2289 domum.’'

436 2343 479 2375 “
572 2357 650 2399 <ro
668 2334 817 2399 vero
846 2358 980 2399 sum
1010 2352 1296 2422 paratus:
1344 2359 1510 2400 nunc
1540 2337 1739 2421 patior
1769 2335 1938 2398 nives

434 2451 821 2537 Imbresque,
851 2452 917 2513 in
948 2451 1131 2537 sylvis
1160 2475 1440 2539 asperam
1467 2453 1658 2515 vitam
1687 2450 1934 2514 trahens
1957 2475 1974 2526 3

436 2564 692 2640 Quanto
719 2580 814 2630 est
839 2564 1075 2631 facilids
1103 2567 1257 2630 mihi
1287 2567 1402 2630 sub
1433 2580 1596 2629 tecto
1625 2566 1849 2641 vivere,
2088 2567 2163 2627 15

435 2679 521 2744 Et
549 2681 810 2747 otiosum
837 2682 1011 2770 largo
1040 2683 1247 2747 satiari
1278 2683 1413 2746 cibo
1437 2682 1502 2744 !''

432 2807 557 2861 here
592 2810 907 2863 understood
935 2834 948 2873 3
986 2810 1012 2862 Ι
1036 2821 1173 2863 must
1194 2828 1263 2880 go
1403 2814 1436 2861 9
1474 2810 1573 2861 Est
1595 2809 1691 2872 tibi,
1717 2827 1832 2879 may
1857 2811 1920 2862 be
1941 2824 2115 2879 yours.

434 2877 636 2958 SlOleg
669 2945 685 2962 ⁸
739 2949 749 2960 ,
981 2949 994 2961 .
1409 2902 1466 2951 11
1509 2900 1652 2957 Quod
1657 2917 1676 2949 .·
1702 2900 1905 2968 qfficium
1919 2899 1962 2949 is
1980 2898 2165 2950 under-

502 2951 535 2998 2
571 2948 684 2998 Sene
702 2955 891 3011 vzrtute,
932 2949 1151 3003 wlthout
1175 2949 1265 3003 the
1336 2968 1506 3022 stood,

430 3031 610 3094 power
633 3016 695 3068 of
711 3017 942 3096 carrying
964 3018 1043 3070 his
1067 3021 1262 3072 threats
1405 3050 1574 3100 Custos
1658 3048 1789 3100 cam-3
1844 3048 1912 3099 052
1978 3045 2164 3098 under.

432 3092 546 3135 mto
572 3094 865 3139 executlon.
1333 3118 1505 3170 stood,
1578 3088 1594 3112 '

502 3158 535 3206 6
582 3154 728 3205 Unde
764 3155 849 3218 sic,
881 3155 1025 3224 lupus
1059 3156 1129 3205 ait
1168 3173 1263 3208 un·

433 3222 697 3276 derstood,
1415 3212 1474 3260 13
1513 3209 1647 3276 Ego,
1693 3207 1838 3274 lupus
1869 3206 1940 3256 ait
1979 3204 2141 3257 under

514 3292 749 3344 Undesic
786 3296 924 3357 nites,
965 3294 1083 3347 how
1122 3293 1167 3346 is
1219 3295 1262 3347 it
1337 3277 1505 3330 ³t00d·
1663 3291 1666 3292 ⁷

430 3360 548 3413 that
571 3377 677 3431 you
699 3379 788 3415 are
812 3381 872 3415 so
894 3364 1035 3417 sleek
1057 3365 1082 3418 ⁶?
1409 3372 1467 3421 16
1514 3369 1723 3421 Otiosum
1742 3383 1761 3417 .·
1805 3383 1880 3418 mc
1911 3365 1955 3417 is
1982 3366 2164 3420 under.

508 3435 538 3481 7
577 3432 760 3484 Fecisti
813 3440 1001 3486 tantum
1049 3437 1274 3501 corporis,
1348 3438 1520 3490 stood.

435 3498 567 3553 have
587 3518 693 3571 you
726 3511 816 3571 got
841 3520 899 3555 so
924 3503 1075 3557 much
1101 3505 1225 3556 flesh
1248 3505 1274 3556 ?
