2520 4161
366 352 467 412 *88
852 339 857 343 ’
888 370 1159 416 PHAEDM
1205 375 1620 421 FABULARUM

1291 486 1556 566 dun.)

385 547 491 625 Et,
520 570 636 634 pro
657 549 893 633 judicio
923 551 1148 615 erroris
1176 553 1637 661 sui'Astantfl,

386 662 490 725 Ad
516 664 950 748 poenitendum
976 666 1163 730 rebus
1190 668 1529 733 manifestis
1556 669 1678 757 agi.

474 778 776 843 Facturus
795 780 992 857 ludos,
1024 781 1281 866 quidam
1310 770 1499 860 diveS,
1531 784 1786 863 nobileS,

393 893 719 980 Proposito
750 911 1002 960 cunctos
1032 897 1319 961 invitavit
1344 901 1623 983 praemio,

388 1009 597 1083 Quam
624 1011 886 1098 quisque
913 1027 1119 1097 posset
1145 1026 1218 1075 ut
1244 1013 1582 1077 novitatem
1612 1015 1978 1082 ostenderet,
2083 1022 2125 1083 5

390 1121 639 1187 Venere
667 1123 932 1188 artifices
960 1124 1161 1188 laudis
1191 1125 1274 1188 ad
1304 1127 1663 1203 certamina,

389 1235 564 1310 Quos
594 1238 757 1300 inter
785 1257 1015 1312 scurra,
1049 1251 1233 1300 notus
1262 1238 1501 1301 urbano
1533 1238 1677 1314 sale,

388 1347 644 1412 Habere
667 1346 831 1411 dixit
857 1371 923 1411 se
950 1371 1146 1436 genus
1176 1349 1528 1435 spectaculi,

387 1460 579 1535 Quod
608 1461 672 1524 in
703 1460 942 1525 theatro
971 1484 1293 1548 nunquam
1322 1461 1633 1547 prolatum
1660 1463 1838 1528 foret.

386 1571 718 1656 Dispersus
748 1559 962 1636 rumor
991 1573 1302 1636 civitatem
1324 1575 1633 1659 concitat:
1685 1606 1692 1617 ¹*
2050 1580 2126 1640 10

392 1682 594 1747 Paulo
622 1683 767 1747 ante
796 1707 990 1748 vacua
1021 1686 1265 1749 turbam
1303 1684 1604 1749 deficiunt
1629 1685 1781 1751 loca.

386 1794 464 1857 In
494 1792 673 1858 scena
703 1792 851 1858 vero
879 1808 1208 1880 postquam
1237 1795 1401 1858 solus
1431 1797 1722 1873 constitit,

392 1906 543 1971 Sine
571 1923 892 1994 apparatu,
925 1908 1111 1971 nullis
1142 1909 1549 1994 adjutoribuS,

390 2021 722 2088 Silentium
749 2023 882 2109 ipsa
910 2022 1056 2087 fecit
1083 2024 1448 2109 expectatio.

384 2137 504 2201 Ille
531 2138 598 2200 in
627 2139 832 2201 sinum
862 2137 1120 2223 repente
1151 2139 1399 2202 demisit
1428 2155 1631 2225 caput,
2049 2148 2123 2207 15

383 2251 472 2315 Et
498 2252 584 2314 sic
612 2251 866 2337 porcelli
895 2274 1108 2314 vocem
1136 2266 1230 2315 est
1257 2253 1531 2316 imitatus
1560 2254 1691 2332 sua,

380 2366 620 2431 Verum
648 2381 720 2431 ut
748 2366 993 2431 subesse
1021 2365 1210 2452 pallio
1240 2368 1704 2444 contenderent,

381 2483 469 2547 Et
496 2483 705 2546 excuti
732 2482 1059 2567 juberent3
1109 2505 1233 2567 quo
1264 2481 1444 2558 fact0,
1478 2483 1663 2550 simul

379 2596 558 2661 Nihil
587 2612 680 2662 est
706 2612 1038 2683 repertum,
1064 2597 1277 2660 multis
1308 2611 1570 2661 onerant
1597 2598 1904 2677 laudibuS,

381 2712 846 2800 Hominemque
875 2714 1098 2799 plausu
1127 2726 1595 2798 prosequuntur
1624 2716 1916 2779 maximo.
2036 2722 2119 2779 20

378 2827 520 2906 Hoc
548 2829 706 2892 vidit
732 2829 869 2892 fieri
899 2829 1197 2891 rusticus:
1248 2834 1289 2867 ‘⁶
1321 2826 1485 2904 Non,
1519 2829 1889 2906 mehercule,

378 2938 494 3003 Me
521 2940 743 3015 vincet,
766 2942 801 2968 ”
848 2939 1088 3024 inquit:
1136 2952 1199 3002 et.
1227 2939 1438 3001 statim
1466 2939 1775 3024 professus
1805 2955 1914 3016 est,

450 3107 469 3155 l
514 3104 614 3153 Pro
623 3102 828 3170 judicie,
849 3100 902 3152 in
928 3098 1157 3152 defence.
1353 3103 1405 3152 1-1
1456 3101 1671 3151 Turbam
1718 3102 1961 3168 deficiunt,
2000 3116 2124 3152 can-

1274 3178 1369 3220 not
1392 3168 1517 3221 hold
1540 3169 1632 3222 the
1656 3186 1921 3237 company.

1351 3242 1411 3289 16
1450 3239 1558 3291 Suc?
1583 3262 1599 3290 .-
1637 3256 1751 3289 voce
1783 3238 1827 3289 is
1863 3238 1987 3291 here
2023 3258 2119 3292 un-

1278 3307 1545 3360 derstood.

442 3379 475 3427 7
521 3377 720 3427 Urbano
735 3374 851 3436 sale,
868 3369 949 3425 for
966 3371 1045 3425 his
1071 3371 1208 3442 plea·
1351 3381 1411 3428 1-7
1480 3379 1649 3428 Verum
1677 3399 1694 3428 .·
1736 3378 2002 3445 porcellum
2071 3378 2117 3432 is

372 3456 487 3498 sant
511 3444 618 3498 wit.
1276 3446 1400 3499 here
1424 3447 1760 3502 understood.
1791 3490 1797 3496 .

441 3205 807 3284 {Novitatem
843 3219 942 3271 any
979 3218 1092 3252 new
1129 3200 1204 3252 di-

370 3290 593 3327 versmn.
