2520 4161
892 497 1099 545 mmm
1122 568 1127 575 q
1147 498 1476 549 QUARTUS.
1557 468 1562 473 ’
1980 484 2064 548 75

901 807 1280 873 FABULA
1329 808 1483 872 XV.

774 975 1103 1043 PHAEDRUS
1153 975 1237 1017 DE
1285 973 1586 1020 FABULIS·

310 1114 497 1189 Qum
518 1113 804 1198 judicare
834 1113 1066 1199 cogitet
1093 1111 1253 1176 livor
1283 1111 1494 1189 modo,

308 1228 489 1292 Licet
516 1227 879 1303 dissimulet,
912 1225 1173 1312 pulchre
1204 1241 1415 1291 tamen
1447 1227 1753 1314 intelligo.

310 1342 639 1429 Quidquid
664 1344 912 1429 putabit
940 1366 1073 1407 esse
1102 1342 1367 1428 dignum
1396 1345 1736 1420 memoriae,

306 1454 531 1540 AEsopi
562 1454 760 1530 dicet;
805 1454 857 1516 si
888 1452 1043 1539 quid
1070 1449 1277 1515 minus
1307 1454 1602 1529 arriserit,

308 1569 368 1631 A
397 1591 499 1632 me
528 1567 862 1654 contendet
889 1567 1109 1630 fictum
1139 1566 1357 1651 quovis
1386 1566 1690 1653 pignore:
2020 1573 2061 1632 5

308 1682 517 1758 Quem
546 1682 685 1777 volo
715 1680 914 1770 refelli
935 1684 1071 1767 jam
1098 1704 1269 1746 nunc
1298 1704 1593 1768 responso
1624 1705 1765 1746 meo
1804 1707 1818 1745 z

310 1798 454 1863 Sive
481 1798 601 1863 hoc
629 1799 930 1883 ineptum,
962 1798 1092 1862 sive
1118 1796 1507 1862 laudandum
1536 1812 1630 1861 est
1657 1821 1834 1882 opus»,

308 1911 557 1975 Invenit
585 1911 709 1987 ille,
742 1925 956 1974 nostra
976 1909 1234 1994 perfecit
1262 1931 1503 1972 manus·

310 2022 438 2087 Sed
465 2043 849 2109 exequamur
879 2035 1155 2107 coeptum
1182 2016 1484 2105 propositi
1512 2019 1816 2084 ordinem.

871 2354 1250 2420 FABULA
1300 2345 1489 2418 XVI.

756 2514 1206 2561 NAUFRAOEUM
1253 2513 1615 2559 smomms.

305 2669 524 2734 HOMO
554 2668 773 2731 doctus
802 2668 868 2728 in
898 2686 965 2729 se
991 2684 1233 2747 semper
1264 2661 1508 2724 divitias
1535 2660 1744 2724 habet.
1981 2664 2059 2725 lo

395 2780 762 2855 Simonides5
797 2779 906 2865 qui
935 2776 1180 2861 scripsit
1207 2774 1532 2861 egregium
1560 2773 1775 2849 meloS‚

306 2895 499 2971 Quod
526 2906 955 2981 paupertatem
983 2891 1313 2955 sustineret
1339 2885 1598 2963 facilius,

370 3086 406 3135 4·
428 3081 629 3149 AEsopi,
654 3090 712 3133 to
736 3081 802 3133 be
828 3075 1060 3148 AEsop’s.
1219 3071 1467 3127 dramatic
1514 3074 1617 3126 and
1671 3038 1864 3143 elegiae
1923 3084 2061 3145 poet,

373 3150 555 3204 Μίηιὶε
624 3152 858 3211 arriserit,
928 3147 974 3200 is
1045 3147 1148 3200 less
1217 3146 1350 3197 born
1375 3143 1426 3195 in
1457 3144 1579 3206 CoS,
1604 3162 1706 3197 one
1741 3143 1807 3197 of
1831 3144 1922 3197 the
1961 3144 2063 3214 Cy-

299 3223 352 3294 pl
360 3220 547 3290 easing.
624 3233 627 3234 ’
1213 3214 1406 3276 clades,
1448 3216 1609 3267 about
1650 3219 1755 3269 500
1788 3231 1940 3285 years
1975 3216 2064 3266 bc-

371 3297 405 3344 5
443 3292 707 3342 Contendet
730 3290 896 3357 quovis
913 3288 1143 3357 pignore,
1212 3283 1325 3337 fore
1350 3284 1442 3337 the
1471 3283 1736 3339 Christian
1760 3301 1865 3338 era.

298 3363 367 3414 he
394 3359 497 3414 will
522 3360 605 3428 lay
628 3376 729 3427 any
754 3374 940 3427 wager.
1056 3403 1059 3406 ,
1285 3356 1560 3424 Egregium
1602 3356 1767 3419 melos,
1809 3352 2063 3407 excellent

372 3434 407 3482 8
444 3430 558 3492 Ille,
584 3428 752 3497 AEsop
1216 3434 1421 3496 poetry.

379 3503 433 3552 ll
476 3499 753 3560 Simonides,
786 3516 818 3550 a
852 3495 1145 3551 celebrated

1109 3595 1156 3639 E
1190 3579 1232 3638 2
