2520 4161
387 420 475 491 90
894 434 1164 480 prmum
1213 435 1627 483 naumann

1005 698 1385 766 FABULA
1431 701 1510 766 V.

1065 882 1204 925 Duo
1252 883 1463 926 cALVI.

382 1032 671 1099 Inmm'r
699 1030 908 1097 calvus
937 1032 1097 1098 forte
1127 1034 1194 1096 in
1225 1036 1408 1099 trivio
1437 1035 1746 1121 pectinem
1763 1086 1778 1111 ,

384 1148 663 1213 Accessit
689 1147 847 1211 alter
877 1145 1059 1233 aeque
1089 1147 1364 1212 defectus
1393 1149 1570 1235 pilis:

382 1271 423 1302 “
444 1262 583 1348 Eja‚
597 1264 632 1291 ”
645 1262 868 1348 inquit,
880 1269 920 1300 ‘⁶
936 1263 1000 1324 in
1013 1284 1361 1339 commune,
1376 1264 1795 1352 quodcunque
1807 1279 1900 1330 est
1909 1264 2129 1330 lucri.”

384 1378 683 1444 Ostendit
712 1376 818 1440 ille
846 1377 1147 1463 praedam‚
1181 1392 1245 1441 et
1272 1379 1501 1463 adjecit
1528 1380 1751 1443 simul:

380 1501 423 1533 “
455 1491 768 1578 Superum
796 1493 1081 1557 voluntas
1110 1492 1297 1570 favit3
1343 1493 1451 1556 sed
1479 1492 1606 1558 fato
1636 1495 1848 1560 invido
1964 1573 1975 1585 ·
2087 1503 2126 1559 5

380 1608 753 1684 Carbonem,
787 1621 858 1671 ut
885 1607 1080 1693 aiunt,
1110 1629 1227 1692 pro
1257 1605 1545 1672 thesauro
1574 1609 1941 1673 invenimus.
1961 1612 1996 1638 ”

380 1723 588 1798 Quem
616 1745 753 1808 spes
783 1721 1027 1800 delusit,
1060 1722 1206 1786 huic
1237 1723 1489 1808 querela
1520 1726 1826 1789 convenit.

984 2020 1362 2087 FABULA
1410 2021 1525 2086 VI.

926 2185 1248 2229 PRINCEPS
1294 2185 1585 2229 TIBICEN.

380 2329 514 2394 Um
546 2348 742 2391 vanus
770 2326 1034 2402 animuS,
1066 2323 1218 2390 aura
1250 2338 1467 2410 captus
1497 2323 1739 2400 frivola,

284 2485 297 2502 κ
385 2444 666 2530 Arripuit
694 2441 1062 2506 insolentem
1091 2440 1209 2504 sibi
1237 2439 1551 2514 fiduciam,

378 2558 585 2624 Facile
614 2558 695 2623 ad
725 2556 998 2621 derisum
1026 2555 1215 2620 stulta
1242 2555 1459 2619 levitas
1489 2554 1757 2619 ducitur.
2046 2560 2123 2619 10

463 2675 761 2760 Princeps
790 2673 1021 2737 tibicen
1050 2673 1258 2736 notior
1288 2668 1476 2758 paulo
1504 2669 1644 2747 fuit,

374 2791 651 2876 Operam
683 2771 976 2876 Bathyllo
1006 2788 1221 2852 solitus
1251 2788 1320 2851 in
1350 2784 1534 2852 scena
1563 2787 1731 2850 dare.

373 2904 437 2968 Is
465 2902 625 2967 forte
654 2903 840 2979 ludis,
872 2877 1180 2967 nonsatis
1208 2901 1466 2965 memini
1497 2900 1742 2986 quibus,

373 3019 547 3083 Dum
574 3039 801 3102 pegma
827 3017 1089 3101 rapitur,
1120 3015 1394 3080 concidit
1422 3036 1568 3078 casu
1596 3014 1772 3100 gravi

439 3176 473 3223 3
507 3171 576 3222 In
614 3185 860 3219 commune
880 3173 909 3218 .·‘
930 3169 992 3218 sit
1013 3165 1059 3218 is
1082 3166 1208 3220 here
1356 3171 1418 3218 12
1454 3167 1704 3236 Bathyllo,
1740 3184 1771 3218 a
1803 3164 1992 3217 dancer
2015 3165 2116 3218 and

368 3237 706 3293 understood.
1281 3236 1469 3290 mimic.

1354 3308 1419 3358 14
1452 3307 1660 3374 Pegma,
1694 3323 1727 3359 a
1758 3303 1902 3375 piece
1924 3303 1989 3358 of
2012 3323 2117 3358 ma-

445 3384 500 3432 11
545 3380 797 3446 Princeps,
833 3375 924 3430 the
970 3393 1119 3429 name
1153 3376 1213 3428 of
1278 3375 1488 3445 chinery
1533 3376 1662 3428 used
1708 3374 1761 3427 in
1809 3374 2116 3445 performing

367 3468 400 3503 a
423 3448 595 3520 public
618 3447 768 3501 flute-
769 3447 957 3517 player.
1277 3446 1436 3516 plays,
