2520 4161
977 442 1179 490 mmm
1222 442 1542 491 Tsnrtus.‘
2048 422 2141 489 ⁵5¹

386 624 671 690 Ambitio
700 619 969 710 namque
996 623 1297 688 dissidens
1326 622 1683 688 mortalium

387 739 523 803 Aut
547 737 766 825 gratiae
794 737 1143 812 subscribit,
1175 751 1285 800 aut
1313 737 1456 801 odio
1483 759 1614 800 suo.

386 852 530 917 Erit
556 851 661 916 ille
687 865 890 927 notin,
924 872 1110 937 quem
1138 872 1250 935 per
1280 864 1343 913 te
1370 850 1748 936 cognoveris.
1784 849 1791 876 ¹

474 967 633 1032 Haec
665 980 960 1030 executus
991 987 1129 1027 sum
1157 979 1486 1050 propterea
1513 964 1817 1049 pluribuS,

385 1077 704 1145 Brevitate
731 1076 928 1143 nimia
956 1077 1252 1164 quoniam
1283 1077 1583 1163 quosdam
1613 1066 2002 1141 offendimus.
2090 1080 2133 1140 5

993 1335 1369 1399 FABULA
1415 1334 1505 1398 X.

839 1480 1094 1524 ponnus
1114 1502 1117 1507 -
1140 1480 1223 1522 m·
1268 1480 1682 1523 MARGARITA.

387 1606 469 1670 IN
500 1603 889 1691 sterquilinio
917 1601 1125 1687 pullus
1153 1601 1531 1689 gallinaceus

386 1717 562 1781 Dum
592 1715 819 1802 quaerit
846 1735 1065 1791 escam,
1099 1715 1502 1800 margaritam
1530 1714 1780 1800 reperit.

388 1837 429 1868 ‘⁶
456 1829 634 1893 Jacae
662 1828 943 1912 indigno,
976 1842 1210 1912 quanta
1236 1828 1393 1903 res?
1425 1827 1650 1914 inquit,
1685 1832 1726 1865 ‘⁶
1743 1815 1921 1889 loco!

391 1939 537 2004 Hoc
565 1942 616 2003 si
646 1941 784 2026 quis
812 1940 999 2026 pretii
1027 1939 1291 2025 cupidus
1321 1938 1574 2003 vidisset
1603 1938 1732 2014 tui,-

393 2052 567 2126 Olim
596 2050 855 2121 redisses
884 2050 967 2115 ad
996 2049 1390 2142 splendorem
1419 2049 1781 2126 maximum.
2061 2049 2139 2111 10

386 2174 548 2262 Ego,
582 2174 690 2261 qui
718 2186 781 2237 te
811 2170 1038 2249 inveni,
1072 2169 1278 2258 potior
1307 2167 1408 2232 cui
1438 2161 1641 2229 multo
1670 2175 1765 2228 est
1794 2159 2014 2249 cibuS,‘>

388 2290 522 2355 Nec
551 2291 665 2354 tibi
691 2289 999 2376 prodesse,
1031 2311 1145 2352 nec
1175 2285 1329 2349 mihi
1361 2282 1703 2370 quidquam
1732 2278 1964 2365 potes.”

476 2406 618 2492 Hoc
648 2405 768 2494 illis
799 2427 1003 2482 narro,
1037 2404 1144 2491 qui
1175 2424 1278 2466 me
1305 2420 1430 2466 non
1465 2396 1841 2483 intelligunt·

1869 2569 1965 2628 ,λζ’
2033 2612 2054 2622 ,ι
2106 2604 2112 2614 .

990 2663 1368 2728 FABULA
1416 2662 1542 2727 XI.

737 2824 895 2867 APEs
939 2823 1022 2865 m*
1068 2823 1240 2878 FUCJ,
1290 2793 1490 2865 vnsPA
1534 2785 1789 2867 Jvnlcn.

394 2943 572 3007 APEs
602 2941 668 3004 in
699 2938 823 3004 alta
855 2949 1087 3026 quercu
1116 2939 1391 3004 fecerant
1417 2939 1622 3026 favos3

394 3053 534 3118 Hos
562 3051 689 3116 fuci
719 3052 943 3115 inertes
975 3073 1104 3114 esse
1134 3050 1424 3114 dicebant
1451 3073 1610 3115 suos.
2061 3055 2137 3117 15

465 3252 486 3299 l
529 3248 751 3310 Ambitio,
777 3247 867 3301 the
902 3247 1135 3301 interest.
1378 3249 1438 3300 12
1475 3248 1589 3302 Nec
1634 3246 1718 3300 tibi
1749 3249 1835 3312 ᾇσ.
1867 3244 1958 3300 the
2018 3262 2139 3300 con-

457 3322 491 3369 2
534 3320 741 3380 Gratiae,
769 3327 826 3370 to
850 3317 1129 3388 partiality.
1303 3317 1595 3371 struction:
1635 3318 1751 3370 Nec
1778 3332 1988 3386 possum
2019 3335 2140 3383 pro-

455 3390 491 3439 4·
529 3387 760 3440 Pluribus
777 3411 793 3439 .-
835 3388 990 3440 voebis
1032 3388 1076 3439 is
1107 3386 1231 3440 here
1300 3388 1436 3440 desse
1470 3387 1567 3449 tibi,
1591 3406 1682 3439 nec
1709 3395 1853 3456 potes
1888 3383 2136 3453 prodesse

386 3455 731 3510 understood.
948 3487 953 3491 -
1294 3459 1554 3526 quidquam
1578 3457 1704 3508 mihi.

452 3531 486 3580 9
523 3526 669 3578 H60:
702 3528 806 3580 loco
827 3527 872 3580 is
891 3527 1224 3580 understood.
1346 3531 1406 3580 15
1434 3526 1571 3578 Hos.-
1587 3523 2134 3594 favoeisunderstood.

1199 3618 1330 3675 124
