2520 4161
391 416 451 484 iv
1134 440 1366 484 mnsx.

942 656 1172 710 LIBER
1208 657 1539 712 TERTIUS

397 768 520 821 Fab.
980 832 983 835 Ι
1095 766 1220 836 Pag.
1299 766 1425 820 Fan.
1996 768 2118 837 Pag.

500 836 752 904 Prologus
887 864 908 877 ·
1098 866 1123 879 -
1155 840 1224 889 40
1307 841 1368 890 10
1404 834 1584 890 Pullus
1608 846 1661 890 et
1687 836 1959 906 Margarita
2001 867 2026 879 -
2057 842 2126 890 55

438 911 459 958 l
502 908 650 958 Anus
675 914 728 958 et
754 904 1017 974 Amphora
1101 936 1125 949 -
1156 908 1226 958 44
1308 910 1364 959 11
1407 909 1548 975 Apes
1584 916 1636 959 et
1670 905 1815 968 Fuci,
1849 905 2028 976 Vespa

433 981 465 1027 2
502 974 766 1027 Panthera
789 984 840 1026 et
879 975 1123 1028 Pastores
1157 977 1225 1027 45
1472 975 1657 1028 Judice
1791 1006 1814 1018 -
2005 1005 2028 1017 -
2061 981 2129 1028 55

434 1049 467 1096 3
509 1043 651 1097 Simii
677 1044 845 1112 Caput
913 1074 937 1086 -
1103 1074 1126 1086 -
1158 1047 1226 1097 46
1310 1048 1371 1097 12
1410 1045 1639 1112 AEsopus
1665 1044 1846 1097 ludens
2005 1075 2027 1087 -
2062 1050 2129 1097 56

434 1117 469 1165 4
506 1114 734 1182 AEsopus
782 1123 834 1165 et
878 1112 1124 1166 Petulans
1159 1116 1228 1167 46
1311 1118 1373 1167 13
1411 1113 1601 1165 Cicada
1623 1123 1677 1166 et
1703 1114 1909 1166 Noctua
2008 1144 2029 1155 ·
2063 1116 2129 1166 57

436 1188 469 1235 5
507 1183 689 1234 Musca
713 1191 765 1234 et
792 1181 935 1233 Mula
1103 1212 1126 1224 -
1160 1186 1228 1235 47
1312 1185 1375 1234 14
1410 1183 1638 1234 Arbores
1696 1182 1750 1234 in
1801 1182 2029 1235 Deorum

438 1256 470 1303 6
511 1251 664 1303 Canis
689 1260 742 1303 et
768 1250 945 1319 Lupus
1104 1282 1127 1294 -
1161 1254 1230 1304 48
1479 1251 1664 1303 Tutela
1800 1280 1823 1292 -
2009 1283 2033 1295 -
2066 1256 2132 1303 58

441 1325 471 1371 7
509 1319 689 1372 Frater
713 1330 766 1372 et
796 1321 969 1372 Soror>
1106 1350 1129 1362 -
1161 1323 1231 1372 49
1315 1325 1375 1373 15
1410 1319 1549 1372 Juno
1574 1330 1628 1373 et
1653 1319 1798 1374 Pavo
1854 1351 1877 1363 -
2012 1352 2033 1363 -
2067 1326 2133 1373 59

439 1394 473 1441 8
514 1389 739 1442 Socratis
764 1389 972 1441 Dictum
1108 1419 1130 1431 -
1164 1394 1231 1443 50
1316 1393 1377 1442 16
1413 1389 1642 1458 AEsopus
1690 1399 1744 1441 et
1783 1389 2031 1443 Garrulus
2067 1392 2135 1442 60

442 1464 474 1510 9
511 1458 594 1511 De
648 1459 852 1511 credere
910 1469 963 1511 et
1026 1476 1131 1511 non

578 1528 783 1580 credere
918 1558 941 1570 -
1108 1559 1133 1572 -
1166 1532 1229 1581 51

961 1674 1191 1728 LIBER
1227 1676 1608 1736 QUARTUS.

515 1786 767 1854 Prologus
903 1816 926 1828 -
1110 1816 1134 1827 -
1169 1791 1235 1838 62
1319 1791 1379 1838 10
1418 1785 1672 1839 Hercules
1697 1796 1748 1839 et
1775 1786 1959 1839 Plutus
2016 1818 2038 1829 -
2073 1791 2132 1838 71

452 1861 476 1908 1
517 1855 742 1908 Mustela
765 1864 819 1907 et
845 1855 1021 1907 Mures
1113 1886 1136 1898 -
1170 1861 1236 1908 63
1319 1859 1375 1907 11
1418 1855 1640 1924 Capellae
1665 1865 1716 1906 et
1743 1855 1891 1908 Hirci
2014 1886 2038 1897 -
2074 1861 2133 1907 71

446 1932 479 1979 2
518 1924 718 1994 Vulpes
742 1934 796 1977 et
822 1923 939 1977 Uva
1114 1955 1136 1967 -
1172 1930 1239 1978 63
1321 1930 1381 1977 12
1419 1925 1748 1978 Gubernator
1772 1935 1824 1977 et
1851 1925 2037 1977 Nautoe
2073 1928 2138 1977 72

448 2000 481 2048 3
518 1995 701 2063 Equus
725 2004 780 2047 et
804 1993 979 2046 Homo
1115 2025 1139 2038 -
1173 1998 1241 2048 64
1321 2000 1383 2048 13
1418 1994 1595 2048 Homo
1621 2005 1674 2048 et
1702 1994 1927 2047 Colubra
1985 2012 1988 2015 ’
2017 2025 2039 2036 -
2074 1999 2140 2046 73

449 2068 484 2118 4
518 2064 700 2132 Pugna
777 2063 1003 2117 Murium
1085 2074 1139 2119 et
1322 2068 1385 2118 14
1420 2064 1620 2135 Vulpes
1645 2074 1698 2120 et
1721 2064 1894 2118 Draco
2017 2095 2041 2108 ·
2075 2068 2140 2116 73

589 2133 925 2186 Mustelarum
1117 2165 1141 2178 ·
1175 2138 1243 2187 64
1323 2138 1383 2187 15
1419 2135 1673 2188 Phaedrus
1721 2136 1786 2186 de
1833 2134 2039 2186 Fabulis
2074 2138 2139 2184 75

452 2211 483 2256 5
522 2202 779 2255 Phaedrus
824 2201 877 2252 in
925 2201 1142 2254 Fabula-
1324 2207 1382 2255 16
1420 2203 1535 2254 Nau
1646 2204 1746 2255 ’um
1770 2202 2041 2255 Simonidis
2076 2205 2141 2253 75

586 2288 697 2323 rum
725 2271 976 2322 Censores
1118 2301 1142 2312 -
1176 2276 1242 2323 65
1324 2274 1383 2323 17
1421 2272 1576 2323 Mons
1650 2271 1902 2323 arturiens
2016 2300 2039 2312 -
2074 2274 2138 2321 77

451 2349 482 2394 6
521 2341 716 2409 Vipera
737 2349 792 2392 et
816 2339 962 2391 Lima
997 2390 1007 2398 ,
1119 2370 1142 2382 -
1176 2344 1243 2392 68
1325 2344 1384 2392 18
1420 2339 1656 2393 Formica
1679 2349 1732 2392 et
1757 2341 1940 2392 Musca
2019 2370 2043 2382 -
2077 2343 2140 2390 77

453 2416 483 2463 7
522 2410 721 2479 Vulpes
747 2418 800 2461 et
826 2408 1016 2461 Hircus
1120 2438 1143 2450 -
1177 2415 1243 2462 69
1322 2415 1385 2462 19
1425 2409 1712 2463 Simonides
1736 2426 1768 2462 a
1792 2408 1907 2461 Diis
1938 2426 2042 2461 ser-

452 2486 485 2533 8
522 2480 606 2532 De
656 2465 810 2531 Vitiis
859 2477 1142 2530 Hominum
1177 2484 1244 2531 69
1487 2489 1637 2531 vatus
1793 2508 1815 2520 ·
2018 2510 2040 2521 -
2076 2483 2140 2530 78

454 2556 486 2603 9
522 2549 629 2602 Fur
665 2551 821 2600 Aram
868 2546 1142 2617 compilans
1179 2551 1245 2601 70
1422 2548 1669 2617 Epilogus
1806 2578 1829 2590 -
2018 2578 2041 2590 -
2073 2552 2140 2599 80

1002 2696 1230 2750 LIBER
1270 2698 1626 2758 QUINTUS.

524 2808 778 2878 Prologus
937 2840 959 2852 -
1118 2837 1143 2849 -
1175 2811 1242 2859 83
1352 2813 1385 2860 5
1421 2807 1545 2861 1)υο
1572 2807 1714 2861 Calvi
1850 2839 1872 2850 -
2023 2838 2043 2847 -
2080 2811 2145 2858 90

462 2884 482 2931 1
524 2879 818 2931 Demetrius
842 2889 895 2931 et
931 2878 1143 2930 Menan·
1355 2884 1386 2926 6
1427 2877 1671 2946 Princeps
1699 2876 1905 2929 Tibicen
2022 2902 2044 2913 ·
2080 2881 2145 2927 90

593 2948 683 3000 der
886 2978 909 2990 -
1121 2977 1143 2989 -
1178 2950 1245 2998 85
1358 2950 1387 2997 7
1427 2947 1645 2998 Occasio
1671 2946 1734 2998 de
1772 2947 1874 2998 icta
2024 2975 2044 2985 -
2080 2950 2145 2996 93

456 3024 488 3069 2
529 3016 717 3069 Calvus
744 3026 797 3069 et
823 3016 1005 3068 Musca
1123 3047 1146 3059 -
1179 3020 1245 3068 86
1358 3020 1391 3067 8
1429 3015 1626 3067 Taurus
1652 3028 1705 3068 et
1786 3015 1941 3066 itulus
2023 3043 2042 3055 -
2082 3018 2147 3065 93

458 3093 490 3139 3
525 3085 702 3138 Homo
728 3096 781 3138 et
810 3085 999 3138 Asinus
1124 3114 1148 3126 -
1180 3087 1246 3134 87
1360 3088 1393 3134 9
1430 3083 1664 3138 Venator
1686 3095 1738 3137 et
1765 3084 1917 3137 Canis
2025 3113 2047 3125 -
2082 3088 2148 3134 93

456 3161 490 3210 4
531 3156 714 3208 Scurra
737 3165 790 3209 et
815 3154 1059 3207 Rusticus
1127 3183 1151 3195 ·
1183 3157 1249 3206 87

1084 3383 1096 3394 -,
1115 3375 1495 3393 ,sp——
