2520 4161
383 383 443 452 iv
1126 409 1358 453 mnu.

934 624 1164 709 Lmen
1201 626 1531 681 TERTIUS

389 737 512 790 Fab.
972 800 977 804 .
1087 735 1212 804 Pag.
1291 735 1417 788 Fan.
1988 737 2110 806 Pag.

493 805 744 873 Prologus
879 833 900 846 ·
1091 834 1115 847 ·
1147 808 1216 857 40
1299 810 1359 858 10
1396 802 1576 859 Pullus
1600 814 1653 859 et
1679 805 1952 875 Margarita
1994 836 2019 848 -
2049 811 2118 859 55

430 879 451 926 l
495 877 642 927 Anus
667 883 720 926 et
746 872 1009 943 Amphora
1093 904 1116 916 -
1148 876 1218 926 44
1300 878 1356 927 ll
1399 877 1540 943 Apes
1576 884 1628 926 et
1663 874 1807 938 Fuci,
1842 874 2021 945 Vespa

425 950 457 996 2
494 943 758 996 Panthera
780 952 832 994 et
871 943 1115 996 Pastores
1149 947 1217 995 45
1464 944 1648 996 Judice
1783 974 1807 987 -
1997 974 2021 986 -
2054 949 2121 997 55

426 1018 459 1065 3
501 1011 643 1065 Simii
669 1013 838 1081 Caput
905 1043 928 1055 -
1095 1042 1118 1054 -
1150 1015 1218 1065 46
1302 1017 1363 1065 12
1402 1014 1631 1080 AEsopus
1657 1012 1838 1066 ludens
1997 1043 2020 1055 -
2054 1018 2121 1066 56

427 1085 462 1134 4
497 1082 726 1150 AEsopus
774 1090 827 1132 et
870 1081 1116 1134 Petulans
1151 1084 1220 1135 46
1303 1087 1365 1135 13
1403 1081 1593 1134 Cicada
1615 1092 1668 1134 et
1695 1083 1901 1134 Noctua
2000 1113 2022 1124 -
2056 1085 2122 1134 57

427 1157 461 1203 5
499 1151 682 1202 Musca
705 1160 757 1202 et
784 1150 927 1202 Mula
1095 1180 1119 1193 -
1151 1154 1220 1204 47
1304 1154 1367 1203 14
1403 1152 1630 1203 Arbores
1689 1151 1741 1203 in
1793 1151 2021 1204 Deorum

430 1224 462 1271 6
503 1220 656 1271 Canis
681 1229 734 1271 et
760 1219 937 1287 Lupus
1096 1250 1120 1263 -
1153 1223 1222 1272 48
1471 1219 1656 1272 Tutela
1792 1249 1815 1261 -
2001 1252 2025 1264 -
2058 1225 2124 1272 58

433 1293 463 1339 7
501 1288 681 1340 Frater
705 1298 758 1340 et
788 1290 961 1341 Soror·
1097 1319 1121 1332 -
1153 1292 1222 1340 49
1306 1293 1367 1341 15
1402 1288 1541 1341 Juno
1566 1298 1620 1340 et
1645 1288 1790 1342 Pavo
1846 1320 1869 1332 -
2003 1321 2026 1333 -
2059 1295 2125 1342 59

431 1362 465 1409 8
506 1357 730 1410 Socratis
756 1357 964 1410 Dictum
1100 1388 1122 1399 -
1156 1363 1223 1411 50
1307 1362 1368 1411 16
1405 1358 1635 1426 AEsopus
1682 1368 1736 1410 et
1775 1358 2023 1412 Garrulus
2059 1362 2127 1411 60

434 1433 465 1478 9
503 1427 586 1479 De
640 1427 844 1480 credere
902 1437 955 1479 et
1018 1444 1122 1480 non

569 1497 775 1549 credere
909 1527 932 1539 -
1100 1528 1125 1541 -
1158 1501 1219 1550 51

953 1643 1183 1697 LIBER
1219 1645 1599 1705 QUARTUS.

507 1755 759 1823 Prologus
895 1785 918 1797 -
1102 1785 1126 1796 -
1161 1760 1227 1807 62
1310 1759 1372 1807 10
1410 1754 1664 1808 Hercules
1688 1765 1741 1808 et
1766 1755 1951 1808 Plutus
2007 1786 2029 1797 -
2065 1759 2124 1806 71

445 1830 467 1878 1
510 1825 734 1877 Mustela
757 1833 811 1876 et
836 1824 1013 1876 Mures
1105 1855 1128 1867 -
1162 1830 1228 1877 63
1310 1828 1368 1876 11
1411 1824 1632 1893 Capellae
1657 1835 1708 1876 et
1734 1824 1883 1877 Hirci
2006 1855 2029 1867 -
2065 1828 2125 1876 71

438 1901 471 1948 2
510 1893 709 1963 Vulpes
735 1903 786 1945 et
814 1892 931 1945 Uva
1106 1924 1128 1936 -
1163 1899 1231 1947 63
1313 1899 1373 1946 12
1411 1894 1740 1946 Gubernator
1764 1904 1815 1946 et
1843 1894 2028 1946 Nautae
2064 1897 2129 1945 72

440 1969 473 2017 3
510 1964 693 2031 Equus
717 1972 770 2015 et
796 1962 970 2015 Homo
1108 1994 1131 2006 -
1165 1968 1233 2017 64
1313 1968 1375 2017 13
1410 1963 1587 2016 Homo
1613 1974 1666 2016 et
1694 1962 1918 2016 Colubra
1977 1982 1978 1985 ¹
2008 1993 2031 2004 -
2065 1968 2131 2015 73

440 2037 475 2087 4
509 2033 692 2100 Pugna
768 2031 995 2085 Murium
1076 2042 1130 2086 et
1314 2037 1377 2087 14
1411 2032 1611 2103 Vulpes
1636 2043 1689 2087 et
1713 2033 1886 2086 Draco
2008 2063 2033 2075 -
2067 2036 2132 2084 73

580 2102 917 2154 Mustelarum
1109 2133 1133 2146 -
1167 2107 1234 2156 64
1314 2107 1374 2155 15
1410 2103 1665 2156 Phaedrus
1712 2104 1778 2155 de
1824 2103 2030 2155 Fabulis
2066 2106 2131 2152 75

444 2180 475 2225 5
514 2171 770 2224 Phaedrus
816 2169 869 2221 in
916 2169 1134 2222 Fabula-
1315 2175 1374 2224 16
1412 2171 1738 2239 Naufragium
1762 2171 2033 2223 Simonidis
2067 2175 2133 2221 75

578 2256 689 2291 rum
717 2239 968 2290 Censores
1111 2270 1133 2282 -
1167 2244 1234 2292 65
1315 2243 1374 2292 17
1412 2240 1567 2292 Mons
1594 2240 1893 2292 Parturiens
2008 2269 2031 2281 -
2066 2243 2131 2289 77

443 2318 474 2362 6
513 2309 706 2377 Vipera
729 2318 784 2359 ct
808 2308 954 2359 Lima
989 2359 999 2366 ,
1111 2338 1134 2350 -
1168 2312 1235 2360 68
1316 2313 1376 2361 18
1412 2307 1648 2362 Formica
1671 2318 1724 2361 et
1750 2310 1932 2361 Musca
2011 2339 2034 2351 -
2069 2312 2132 2359 77

445 2384 475 2431 7
514 2378 712 2447 Vulpes
739 2386 792 2429 et
817 2376 1008 2429 Hircus
1111 2407 1135 2419 -
1169 2383 1234 2430 69
1313 2383 1376 2430 19
1417 2378 1703 2431 Simonides
1728 2395 1760 2431 a
1784 2377 1899 2430 Diis
1930 2395 2033 2430 ser-

444 2454 477 2501 8
514 2448 597 2500 De
648 2433 802 2499 vitiis
850 2444 1134 2498 Hominum
1169 2453 1236 2499 69
1479 2457 1629 2499 vatus
1785 2477 1807 2489 ·
2010 2478 2032 2489 -
2068 2452 2132 2499 78

446 2524 478 2571 9
514 2517 621 2570 Fur
657 2519 813 2568 Aram
859 2514 1133 2585 compilans
1170 2520 1236 2569 70
1414 2516 1661 2585 Epilogus
1798 2547 1820 2558 -
2009 2547 2033 2559 -
2065 2520 2131 2568 80

994 2664 1221 2718 LIBER
1262 2666 1618 2726 QUINTUS.

516 2776 769 2846 Prologus
929 2808 951 2820 -
1109 2805 1133 2817 -
1166 2779 1233 2827 83
1344 2781 1376 2828 5
1413 2775 1537 2829 1)υο
1564 2775 1706 2829 Calvi
1842 2806 1863 2817 -
2014 2806 2034 2815 -
2071 2779 2136 2826 90

426 2852 474 2899 ‘l
516 2847 808 2899 Demetrius
833 2857 886 2899 et
923 2846 1135 2898 Menan·
1347 2851 1377 2894 6
1419 2845 1663 2912 Princeps
1690 2845 1897 2897 Tibicen
2013 2870 2035 2880 -
2071 2849 2136 2895 90

584 2916 675 2967 der
1113 2945 1135 2957 -
1169 2918 1236 2966 85
1350 2918 1379 2965 7
1419 2914 1636 2966 Occasio
1663 2914 1726 2965 de
1764 2914 1865 2965 icta
2016 2943 2036 2953 -
2071 2918 2137 2964 93

448 2992 480 3037 2
521 2985 708 3038 Calvus
735 2994 788 3037 et
813 2946 997 3036 Musca
1114 3014 1139 3026 -
1172 2988 1237 3035 86
1350 2989 1382 3035 8
1420 2983 1618 3034 Taurus
1644 2995 1697 3035 et
1778 2983 1933 3034 itulus
2015 3012 2034 3023 -
2073 2986 2138 3033 93

450 3061 482 3107 3
518 3054 694 3106 Homo
719 3064 772 3106 et
799 3053 991 3105 Asinus
1116 3082 1140 3094 -
1172 3055 1238 3102 87
1352 3056 1384 3103 9
1421 3051 1656 3106 Venator
1678 3062 1730 3104 et
1757 3052 1909 3105 Canis
2017 3081 2038 3092 -
2073 3056 2139 3103 93

447 3128 483 3177 4
523 3124 705 3176 Scurra
728 3133 781 3177 et
806 3122 1051 3176 Rusticus
1120 3152 1143 3164 -
1175 3125 1241 3174 87

1076 3351 1088 3362 ,,
1106 3343 1487 3361 A-——————
