2520 4161
393 458 474 517 70
855 477 1124 549 Pulsum
1165 478 1581 524 FABULAuuM

478 624 620 691 Hac
648 647 718 688 re
746 622 957 690 videre
988 635 1202 691 ‘nostra
1227 622 1394 691 mala
1421 649 1549 690 non
1579 650 1902 713 possumus
1920 654 1938 673 ·

391 743 522 806 Alii
550 741 733 805 simul
764 740 1157 827 delinquunt,
1190 764 1474 807 censores
1504 765 1734 808 sumus.

983 1007 1365 1075 FABULA
1414 1011 1540 1075 IX.

850 1156 984 1199 Fun
1030 1156 1221 1199 ARAM
1267 1157 1663 1202 COMPILANS.

383 1286 774 1351 LUCERNAM
802 1282 903 1346 fur
932 1282 1217 1347 accendit
1244 1305 1325 1346 ex
1353 1282 1459 1346 ara
1490 1283 1678 1360 Jovis,

378 1398 722 1491 Ipsumque
750 1397 1105 1483 compilavit
1131 1397 1214 1461 ad
1242 1396 1458 1461 lumen
1486 1420 1688 1461 suum.

381 1514 664 1580 Onustus
692 1512 1015 1599 sacrilegio
1045 1508 1189 1575 cum
1217 1511 1583 1588 discederet,
2080 1522 2120 1579 5

377 1624 667 1714 Repente
695 1648 915 1690 vocem
943 1639 1155 1690 sancta
1183 1625 1354 1688 misit
1381 1625 1637 1712 religio;

372 1747 415 1783 ‘⁶
436 1739 758 1804 Malorum
786 1738 1066 1825 quamvis
1095 1738 1213 1801 i'sta
1238 1737 1474 1801 fuerint
1501 1760 1785 1815 munera,

373 1854 670 1942 Mihique
698 1854 911 1930 invisa,
945 1867 1017 1917 ut
1043 1875 1173 1917 non
1202 1851 1485 1917 offendar
1514 1854 1772 1940 subripi,

371 1971 636 2048 Tamen,
669 1970 940 2046 sceleste,
972 1970 1195 2056 spiritu
1222 1968 1473 2055 culpam
1501 1968 1655 2046 lues,

373 2087 546 2154 Olim
575 2085 720 2151 cum
747 2087 1049 2172 ascriptus
1077 2084 1320 2151 venerit
1347 2107 1556 2171 poenae
1586 2084 1739 2149 dies.
2045 2091 2118 2149 10

375 2201 507 2267 Sed
523 2224 603 2266 ne
631 2201 792 2286 ignis
821 2213 1031 2268 noster
1059 2199 1321 2264 facinori
1347 2199 1708 2284 proeluceat,

370 2316 495 2379 Per
525 2335 711 2400 quem
733 2311 1032 2376 verendos
1061 2310 1291 2375 excolit
1317 2312 1515 2396 pietas
1545 2312 1713 2389 deoS,

364 2431 527 2494 Veto
556 2451 686 2492 esse
716 2426 839 2492 tale
864 2426 1117 2490 luminis
1146 2425 1646 2491 commercium.''

369 2544 468 2608 Ita
496 2515 681 2607 hodie
710 2564 825 2606 nec
853 2541 1174 2606 lucernam
1202 2540 1283 2603 de
1311 2536 1563 2604 flamma
1595 2539 1803 2617 deum,

367 2659 502 2723 Nec
531 2659 609 2722 de
636 2656 892 2723 lucerna
920 2657 1012 2721 fas
1041 2671 1135 2721 est
1162 2655 1418 2721 accendi
1449 2635 1713 2720 sacrum.
2039 2664 2113 2722 15

449 2773 627 2848 Quot
654 2796 751 2839 res
780 2757 1097 2838 contineat
1115 2773 1233 2837 hoc
1263 2786 1706 2857 argumentum
1736 2770 1938 2847 utiles,

362 2884 514 2956 Non
543 2888 878 2972 explicabit
904 2887 1080 2964 alius,
1113 2882 1304 2974 qusim
1334 2887 1443 2972 qui
1465 2885 1716 2971 reperit.
1809 2914 1814 2920 ·

434 3032 454 3079 l
499 3026 619 3079 Ηᾶο
649 3045 720 3089 re,
744 3025 824 3080 for
855 3026 959 3080 this
982 3043 1185 3080 reason.
1350 3029 1383 3077 8
1430 3026 1517 3088 Ut,
1541 3042 1602 3077 so
1626 3023 1757 3077 that.

425 3102 461 3150 2
497 3096 671 3160 Simul,
695 3113 752 3149 as
777 3112 909 3149 soon
933 3112 1007 3147 as.
1351 3095 1579 3162 Subripi:
1605 3111 1665 3146 ea
1689 3093 1734 3145 is
1758 3092 2089 3145 understood.

425 3170 461 3219 4·
497 3166 578 3218 Ad
612 3166 773 3217 lunum
808 3182 965 3229 suum,
998 3165 1067 3234 by
1104 3162 1185 3217 his
1355 3167 1413 3216 11
1454 3164 1702 3224 Faciam-i,
1717 3172 1776 3215 to
1791 3160 1880 3214 the
1891 3159 2106 3214 wicked.

354 3254 476 3291 own
499 3234 643 3305 light.
1355 3237 1417 3285 12
1454 3234 1640 3296 Pietas,
1663 3232 1754 3285 the
1776 3230 1942 3301 picus·

422 3308 458 3361 6
490 3307 657 3358 Vocem
671 3303 1028 3366 misitmttered
1039 3302 1185 3358 these
1353 3307 1416 3356 13
1456 3302 1580 3354 Tale
1611 3302 1953 3364 commercium,
1979 3301 2104 3354 such

352 3377 542 3431 ποιᾶς.
1277 3390 1344 3426 an
1367 3370 1713 3439 interchange.

421 3448 629 3517 Religio,
647 3444 739 3499 the
758 3431 914 3513 deity,
932 3454 990 3496 to
1007 3442 1176 3497 whom
1349 3445 1411 3493 15
1427 3441 1629 3492 Sacrum
1643 3458 1663 3492 .-
1682 3442 1839 3510 ignem
1857 3440 1901 3493 is
1918 3440 2105 3493 under-

347 3514 440 3571 the
464 3517 594 3571 altar
619 3534 725 3570 was
749 3513 1036 3569 dedicated.
1273 3510 1442 3564 stood.
