2520 4161
1001 408 1203 453 mmm
1243 407 1548 454 marius.
2060 392 2145 456 ⁵7
2181 472 2185 476 Δ

398 583 440 617 “
470 576 711 654 Heus‚''
741 577 964 665 inquit,
998 584 1038 616 “
1055 577 1317 663 sapiens,
1348 576 1577 662 expedi
1606 576 1760 662 quid
1776 578 2088 643 fecerim-’⁹

399 691 739 756 Concurrit
763 690 1065 777 popul-us3
1109 690 1215 754 ille
1242 712 1310 755 se
1339 704 1592 778 torquet
1619 690 1749 767 diu,

394 805 532 869 Nec
561 805 919 891 quaestionis
943 804 1164 889 positae
1193 826 1442 868 causam
1471 803 1797 891 intelligit3

394 917 745 983 Novissime
774 917 1137 983 succumbit.
1230 917 1404 982 Tum
1431 918 1628 981 victor
1655 918 1924 1007 sophus:

391 1039 433 1077 ‘⁶
466 1031 613 1097 Cito
629 1055 881 1119 rumpes
898 1054 1133 1109 arcum,
1153 1053 1398 1117 semper
1414 1031 1468 1095 si
1485 1045 1731 1095 tensum
1748 1031 2038 1095 habueris
2048 1056 2065 1106 3
2096 1038 2137 1094 5

389 1147 482 1212 At
507 1149 559 1212 si
587 1147 835 1224 laxaris,
868 1146 1013 1212 cum
1039 1146 1227 1225 voles,
1258 1147 1382 1211 erit
1407 1146 1633 1211 utilis?

478 1263 581 1328 Sic
609 1261 794 1328 ludus
821 1264 1031 1328 animo
1060 1263 1249 1327 debet
1275 1260 1613 1349 aliquando
1643 1261 1802 1338 dari,

386 1377 493 1441 Ad
520 1377 921 1465 cogitandum
948 1376 1168 1442 melior
1196 1390 1271 1440 ut
1297 1377 1512 1441 redeat
1536 1375 1676 1440 tihi.

940 1615 1318 1681 FABULA
1365 1613 1567 1680 XIII.

899 1754 1135 1799 cicAnA
1179 1753 1264 1796 m*
1308 1751 1593 1797 Nom-UA.

384 1867 831 1931 HUMAmnrx
863 1866 971 1951 qui
999 1887 1065 1929 se
1092 1885 1222 1927 non
1248 1862 1695 1937 accommodat,

385 1975 766 2064 Plerumque
787 2000 1006 2063 poenas
1035 1977 1276 2064 oppetit
1302 1975 1631 2061 superbiae.
2049 1980 2125 2038 10

373 2113 381 2125 ·
472 2092 705 2158 Cicada
732 2092 1025 2157 acerbum
1055 2104 1305 2155 noctuae
1333 2090 1680 2177 convicium

385 2209 696 2286 Faciebat,
727 2208 927 2272 solitae
955 2208 1191 2271 victum
1219 2207 1289 2270 in
1318 2205 1590 2271 tenebris
1620 2227 1919 2292 qu’aerere,

383 2326 679 2412 Cavoque
706 2346 881 2388 ramo
909 2303 1130 2409 capere
1159 2345 1447 2387 somnum
1472 2321 1763 2391 interdiu.

381 2435 629 2524 Rogata
657 2451 767 2513 est,
801 2449 874 2500 ut
903 2450 1168 2514 taceret3
1213 2435 1417 2500 multo
1446 2433 1709 2500 validius

382 2548 669 2615 Clamare
697 2551 908 2635 coepit.
1001 2549 1243 2611 Rursus
1272 2547 1527 2613 admota
1553 2571 1756 2635 prece,
2048 2552 2124 2610 15

380 2663 664 2726 Accensa
690 2664 887 2748 magis
915 2677 1025 2724 est.
1117 2660 1385 2738 Noctua,
1418 2677 1492 2726 ut
1518 2662 1676 2725 vidit
1704 2661 1822 2726 sibi

382 2776 648 2842 Nullum
676 2798 807 2856 esse
834 2774 1156 2851 auxilium,
1189 2788 1254 2838 et
1275 2775 1466 2838 verba
1494 2776 1806 2840 contemni
1836 2798 1963 2850 sua,

382 2887 525 2955 Hfic
553 2902 647 2952 est
672 2908 963 2973 aggressa
987 2885 1304 2972 garrulam
1332 2885 1571 2950 fallacia
1594 2910 1610 2949 ε

382 3009 423 3042 “
454 3002 749 3068 Dormire
777 3001 925 3086 quia
953 3023 1053 3062 me
1082 3022 1209 3063 non
1237 3000 1453 3064 sinunt
1480 3016 1696 3065 cantus
1727 3001 1838 3077 tui,

456 3139 478 3187 l
520 3132 738 3200 Expedi,
762 3128 982 3198 explain.
1286 3140 1499 3200 request
1523 3131 1676 3201 being
1694 3132 1841 3201 again
1867 3130 2124 3199 eamestly

451 3207 489 3258 4·
526 3200 814 3262 Succumbit,
861 3198 927 3251 he
976 3199 1217 3253 acknow-
1283 3201 1437 3253 made
1460 3211 1519 3253 to
1555 3201 1663 3254 her.

380 3273 557 3355 ledges
591 3271 705 3325 that
727 3269 796 3323 hc
819 3269 973 3321 could
996 3280 1090 3322 not
1127 3287 1216 3322 ex·
1358 3275 1419 3323 18
1455 3271 1578 3323 Hdc
1600 3272 1825 3339 fallacici,
1864 3271 1987 3325 with
2024 3270 2127 3324 this

381 3343 519 3415 plain
537 3340 595 3395 it.
1286 3351 1576 3409 stratagem.

458 3416 521 3466 15
556 3412 765 3464 Admotd
783 3430 947 3479 prece,
972 3409 1062 3463 the
1078 3428 1216 3463 same

1197 3504 1324 3560 05
