2520 4161
399 421 459 488 iv
1142 444 1374 488 mnu.

950 660 1180 714 LIBER
1217 661 1547 717 TERTIUS

405 773 528 826 Fab.
988 837 992 840 Α
1102 770 1433 840 Pag.1‹·at›.
2004 772 2126 841 Pag-

510 840 760 909 Prologus
895 869 916 882 ·
1106 844 1232 893 -40
1315 846 1375 894 10
1412 838 1592 894 Pullus
1616 850 1669 894 et
1695 840 2034 910 Margarita-
2065 846 2134 894 55

446 915 467 962 l
511 914 657 963 Anus
682 919 736 961 et
762 908 1024 978 Amphora
1108 940 1132 953 -
1164 912 1234 962 44
1316 914 1373 963 ll
1415 913 1555 979 Apes
1591 920 1644 962 et
1678 909 1823 972 Fuci,
1857 910 2036 980 Vespa

441 986 473 1032 2
510 979 774 1032 Panthera
797 988 849 1031 et
887 980 1131 1032 Pastores
1165 982 1233 1031 45
1480 979 1665 1032 Judice
1798 1009 1823 1021 -
2013 985 2137 1032 -55

442 1054 475 1101 3
517 1048 659 1102 Simii
685 1049 854 1118 Caput
921 1078 944 1090 -
1110 1051 1233 1101 -46
1318 1053 1379 1101 12
1418 1049 1647 1116 AEsopus
1672 1047 1854 1101 ludens
2013 1079 2036 1091 ·
2070 1053 2138 1101 56

442 1122 477 1170 4
513 1118 742 1186 AEsopus
789 1127 842 1168 et
886 1116 1132 1170 Petulans
1167 1120 1236 1171 46
1319 1121 1381 1171 13
1419 1117 1609 1169 Cicada
1631 1127 1685 1170 et
1711 1118 1917 1170 Noctua
2015 1148 2038 1160 -
2072 1120 2137 1169 57

443 1193 477 1239 5
515 1187 697 1238 Musca
720 1195 773 1238 et
800 1185 942 1238 Mula
1111 1190 1236 1239 -47
1321 1189 1383 1238 14
1419 1188 1646 1238 Arbores
1705 1186 1757 1238 in
1809 1186 2037 1240 Deorum

446 1261 478 1308 6
519 1256 672 1307 Canis
696 1265 750 1307 et
776 1254 953 1323 Lupus
1111 1259 1238 1308 -48
1487 1255 1672 1308 Tutela
1808 1284 1831 1296 -
2017 1287 2041 1300 -
2074 1260 2140 1307 58

449 1329 479 1375 7
517 1324 696 1376 Frater
720 1334 773 1376 et
804 1325 977 1376 Soror
1113 1354 1137 1366 -
1169 1328 1237 1377 49
1323 1330 1383 1377 15
1418 1324 1557 1377 Juno
1582 1334 1636 1377 et
1659 1324 1806 1378 Pavo
1862 1356 1885 1368 -
2019 1356 2042 1367 -
2075 1330 2142 1377 59

447 1398 481 1445 8
522 1393 746 1446 Socratis
772 1393 980 1446 Dictum
1116 1423 1138 1435 -
1172 1398 1239 1447 50
1324 1398 1384 1446 16
1421 1393 1651 1462 AEsopus
1698 1403 1751 1445 et
1791 1394 2039 1447 Garrulus
2076 1397 2143 1446 60

450 1469 481 1514 9
519 1463 602 1515 De
656 1463 861 1516 credere
918 1473 971 1515 et
1034 1480 1138 1516 non

585 1533 790 1585 credere
925 1562 948 1574 -
1116 1563 1141 1576 -
1174 1537 1236 1585 51

969 1678 1199 1732 LIBER
1235 1681 1615 1741 QUARTUS.

523 1791 775 1858 Prologus
911 1821 934 1833 -
1119 1820 1142 1832 -
1177 1795 1243 1843 62
1327 1794 1389 1843 10
1426 1790 1680 1844 Hercules
1704 1801 1756 1843 et
1783 1790 1967 1843 Plutus
2023 1821 2045 1832 -
2081 1794 2140 1841 71

461 1866 483 1914 l
526 1861 750 1913 Mustela
773 1869 827 1912 et
853 1860 1028 1912 Mures
1121 1891 1144 1903 -
1178 1866 1244 1913 63
1327 1863 1383 1912 ll
1427 1860 1648 1929 Capellae
1673 1870 1724 1911 et
1751 1859 1899 1912 Hirci
2023 1890 2045 1901 -
2081 1863 2141 1910 71

455 1937 487 1984 2
526 1929 726 1999 Vulpes
751 1938 803 1981 et
830 1928 947 1981 Uva
1121 1934 1247 1982 -63
1330 1933 1389 1981 12
1427 1930 1756 1983 Gubernator
1780 1940 1831 1982 et
1859 1929 2044 1982 Nautoe
2081 1931 2146 1980 72

456 2005 489 2053 3
526 2000 709 2068 Equus
733 2008 788 2051 et
812 1998 987 2051 Homo
1124 2002 1249 2052 -64
1330 2004 1391 2052 13
1426 1998 1604 2052 Homo
1630 2009 1682 2052 et
1710 1998 1934 2051 Colubra
1993 2016 1994 2019 ¹
2024 2002 2148 2050 -73

457 2073 492 2123 4
525 2069 708 2137 Pugna
784 2067 1010 2121 Murium
1093 2078 1147 2123 et
1331 2073 1393 2123 14
1428 2068 1628 2139 Vulpes
1652 2079 1705 2124 et
1730 2068 1902 2122 Draco
2025 2072 2148 2119 -73

597 2138 933 2189 Mustelarum
1125 2142 1251 2191 -64
1331 2144 1391 2191 15
1427 2088 1681 2191 Phaedrus
1729 2140 1794 2190 de
1841 2138 2047 2191 Fabulis
2083 2142 2147 2188 75

460 2216 491 2261 5
530 2207 787 2260 Phaedrus
832 2205 885 2257 in
933 2205 1150 2258 Fabula-
1332 2211 1390 2260 16
1428 2207 1479 2258 N
1654 2208 1754 2259 ‘um
1778 2206 2049 2258 Simonidis
2083 2210 2149 2256 75

594 2293 705 2328 rum
734 2275 984 2327 Censores
1127 2280 1250 2327 -65
1332 2278 1391 2327 17
1429 2276 1584 2328 Mons
1658 2275 1910 2327 arturiens
2024 2304 2047 2316 -
2082 2278 2147 2324 77

459 2354 490 2398 6
529 2345 723 2414 Vipera
745 2354 800 2396 et
824 2343 970 2395 Lima
1005 2395 1015 2402 ,
1127 2348 1251 2396 -68
1332 2348 1393 2396 18
1429 2343 1664 2397 Formica
1687 2353 1740 2396 et
1765 2345 1948 2396 Musca
2028 2374 2051 2386 -
2085 2345 2148 2394 77

461 2420 492 2468 7
532 2415 729 2483 Vulpes
756 2422 808 2466 et
834 2412 1024 2464 Hircus
1127 2418 1251 2466 -69
1330 2418 1393 2465 19
1434 2413 1720 2467 Simonides
1744 2430 1776 2466 a
1800 2412 1915 2465 Diis
1946 2429 2050 2465 ser·

461 2491 493 2537 8
530 2484 614 2536 De
664 2469 818 2535 Vitiis
868 2481 1150 2534 Hominum
1185 2488 1251 2535 69
1495 2494 1646 2536 vatus
1801 2512 1823 2524 ·
2026 2513 2048 2524 -
2084 2487 2148 2534 78

463 2560 494 2607 9
531 2553 637 2606 Fur
673 2555 829 2604 Aram
876 2550 1150 2620 compilans
1186 2555 1253 2605 70
1430 2552 1677 2621 Epilogus
1815 2582 1836 2593 -
2026 2581 2049 2593 -
2081 2556 2148 2603 80

1010 2700 1238 2753 LIBER
1278 2701 1635 2761 QUINTUS.

532 2812 786 2882 Prologus
945 2843 968 2855 -
1126 2841 1150 2852 -
1183 2815 1250 2863 83
1360 2816 1393 2863 5
1429 2811 1553 2865 1)υο
1580 2810 1722 2864 Calvi
1858 2841 1880 2853 -
2030 2841 2051 2851 -
2088 2815 2153 2862 90

471 2888 491 2935 1
533 2883 825 2935 Demetrius
850 2893 903 2935 et
939 2882 1151 2934 Menan·
1363 2887 1394 2929 6
1435 2879 1679 2949 Princeps
1707 2880 1913 2932 Tibicen
2030 2906 2052 2916 -
2088 2885 2153 2931 90

601 2952 692 3004 der
894 2982 917 2993 -
1129 2981 1152 2993 -
1186 2953 1253 3002 85
1366 2953 1395 3000 7
1435 2949 1653 3001 Occasio
1679 2949 1742 3001 de
1780 2950 1882 3001 icta
2032 2978 2053 2989 ·
2088 2954 2153 3000 93

464 3028 496 3073 2
537 3021 725 3074 Calvus
751 3030 806 3073 et
830 3021 1013 3072 Musca
1131 3050 1155 3061 -
1188 3024 1253 3071 86
1366 3024 1399 3071 8
1437 3019 1634 3070 Taurus
1660 3031 1713 3071 et
1794 3018 1949 3069 itulus
2032 3047 2051 3058 -
2090 3021 2155 3069 93

467 3097 499 3143 3
535 3090 710 3142 Homo
736 3099 791 3142 et
818 3089 1007 3142 Asinus
1133 3118 1157 3130 -
1189 3090 1255 3137 87
1368 3092 1401 3138 9
1438 3087 1672 3142 Venator
1695 3098 1746 3139 et
1773 3087 1925 3140 Canis
2034 3117 2056 3128 -
2090 3092 2156 3138 93

464 3164 500 3213 4
539 3160 722 3212 Scurra
745 3169 798 3213 et
823 3158 1068 3212 Rusticus
1136 3187 1160 3199 -
1192 3161 1258 3210 87

1093 3385 1105 3397 .ι
1122 3378 1503 3396 ,t———u———u—
