2520 4161
351 398 435 459 20
853 413 1125 460 Primum
1174 415 1586 459 FABULARUM

356 592 624 655 Gratum
652 605 827 668 esset,
859 607 924 656 et
949 592 1255 677 dedissem
1284 594 1527 656 veniam
1555 592 1853 680 supplici:

355 702 542 766 Nunc
574 703 720 788 quia
747 703 1008 779 laborem,
1043 718 1115 767 ut
1142 703 1364 768 fruaris
1394 705 1691 791 reliquiiS‚

353 816 702 915 Quasjunt
727 819 948 915 Q,
980 815 1161 880 simul
1190 832 1255 882 et
1283 818 1444 903 ipsos
1475 819 1748 925 deges,

352 930 499 994 Noli
529 932 836 1016 imputare
862 954 1095 994 vanum
1123 932 1496 996 beneficium
1526 933 1738 995 mihi.’'

349 1045 561 1131 Atque
579 1046 677 1108 ‚ita
701 1042 964 1121 locutuS,
996 1045 1345 1130 improbam
1373 1045 1541 1110 letho
1571 1046 1761 1109 dedit.
2045 1050 2091 1110 5

435 1158 575 1222 Hoc
604 1160 670 1221 in
700 1181 765 1222 se
794 1158 1030 1222 dictum
1059 1159 1289 1223 debent
1316 1159 1408 1223 illi
1435 1181 1785 1244 agnosQe,

347 1271 634 1345 Quorum
662 1286 900 1357 prlvata
927 1274 1115 1335 servit
1142 1272 1374 1336 utilitas
1403 1274 1540 1350 sibi,

347 1385 433 1449 Et
460 1386 755 1452 meritum
782 1387 968 1450 inane
988 1387 1234 1471 jactant
1262 1386 1777 1472 imprudentibus.

923 1540 1301 1652 FABULA
1346 1585 1510 1650 xx.

958 1723 1148 1767 CANIS
1194 1723 1472 1767 FIDELIS.

344 1834 667 1900 REPENTE
695 1828 968 1897 liberalis
996 1832 1198 1898 stultis
1226 1847 1441 1920 gratus
1468 1846 1579 1910 est,

342 1947 581 2015 Verum
608 1948 821 2035 peritis
849 1949 1055 2015 irritos
1084 1949 1288 2015 tendit
1312 1947 1505 2014 dolos·
2005 1952 2082 2011 lo

429 2065 786 2129 Nocturnus
815 2062 961 2129 eum
987 2065 1090 2128 fur
1118 2088 1347 2151 panem
1374 2065 1636 2129 misisset
1663 2063 1819 2140 cani,

343 2178 608 2261 Objecto
640 2191 882 2240 tentans
909 2199 991 2239 an
1019 2175 1159 2240 cibo
1187 2190 1395 2261 posset
1422 2179 1577 2261 capi,

343 2297 381 2329 “
414 2288 609 2365 HeuS,
630 2290 737 2366 si‚''
757 2290 978 2375 inquit,
1002 2289 1332 2373 “linguam
1349 2288 1439 2351 vis
1456 2310 1659 2351 meam
1674 2288 2075 2374 praecludere„

343 2402 442 2467 Ne
470 2403 692 2467 latrem
718 2425 833 2487 pro
862 2425 929 2465 re
960 2402 1213 2477 domini,
1244 2398 1515 2464 multum
1544 2400 1807 2465 falleris:

342 2516 631 2603 Namque
658 2518 775 2580 ista
802 2517 1006 2581 subita
1033 2538 1134 2579 me
1155 2515 1340 2601 jubet
1366 2515 1714 2601 benignitas
1998 2521 2073 2579 15

415 2664 437 2711 1
483 2663 712 2714 Gratum.
765 2660 905 2714 Mihi
920 2659 965 2713 is
989 2660 1174 2714 under·
1243 2661 1393 2713 boast
1429 2660 1605 2714 before
1639 2661 1734 2715 ⁴the
1790 2662 1970 2733 simple
2022 2662 2085 2714 of

340 2731 513 2783 stood.
1245 2729 1379 2782 their
1441 2733 1686 2785 retended
1709 2732 1880 2802 public
1909 2731 2073 2785 merit.

409 2801 645 2868 Supplici.
736 2801 847 2853 Tibi
891 2800 937 2854 is
982 2799 1171 2854 under·
1310 2805 1343 2853 9
1428 2802 1631 2856 ἰὸεναὶιζς.
1701 2804 1864 2855 Homo
1887 2804 1931 2856 is
1956 2802 2075 2854 here

339 2841 513 2922 sicud.
1240 2870 1575 2925 understood.
2103 2921 2104 2924 ,

407 2944 442 2991 3
476 2940 658 2991 Ros-uri
690 2946 819 2993 sunt.
896 2940 1080 2993 Mures
1131 2938 1176 2992 is
1323 2944 1383 2993 10
1419 2941 1593 2994 Irn'tos
1636 2942 1789 2993 tendit
1824 2942 1973 3003 dolos,
2009 2940 2073 2993 he

340 3008 673 3061 understood.
1240 3008 1350 3078 lays
1374 3025 1549 3063 suares
1571 3011 1624 3062 in
1648 3010 1780 3063 vain.

408 3084 442 3131 5
484 3079 780 3146 Improbum,
810 3078 902 3132 the
929 3077 1171 3132 deceitful
1318 3082 1375 3130 11
1415 3078 1651 3143 allisisset,
1682 3078 1785 3132 had
1815 3078 2037 3133 thrown.

341 3147 542 3203 weasel.
1316 3151 1378 3200 12
1415 3149 1555 3217 Capi,
1578 3151 1641 3202 be
1665 3148 1855 3201 bribed.

411 3224 444 3271 6
480 3219 549 3270 ln
569 3236 638 3281 se,
661 3216 859 3286 against
881 3216 1043 3270 them.
1311 3217 1378 3268 14
1413 3219 1518 3270 Pro
1557 3237 1613 3271 re
1644 3219 1834 3279 domini,
1869 3228 1927 3271 to
1960 3236 2072 3288 pre-

410 3293 442 3341 7
499 3290 715 3348 Quorum
787 3290 1003 3357 privata,
1065 3286 1172 3351 6¹0„
1237 3302 1385 3341 serve
1434 3287 1525 3342 the
1583 3298 1825 3358 property
1883 3288 1946 3341 of
1983 3306 2069 3359 my

338 3358 519 3412 whose
542 3356 762 3411 services
786 3373 874 3409 are
901 3354 1170 3427 profitable
1235 3364 1444 3410 master.

336 3438 394 3481 to
409 3428 716 3483 themselves
740 3426 904 3490 alone,
926 3427 1028 3479 and
1051 3424 1170 3480 who
